3096 5091
1492 509 1569 520 ..-
1619 479 1837 539 20.-

692 667 1073 749 Sequuntur
1164 667 1340 732 verba
1413 687 1580 750 quae
1647 670 1942 735 Velleius
2012 689 2191 736 more
2262 676 2459 751 atque
2535 672 2850 752 exemplo

474 780 813 855 poetarum
862 777 1096 857 posuit.

685 902 782 965 Ac
836 900 1110 981 primum
1173 904 1402 980 poetas
1464 905 1726 966 secutus
1774 906 1874 967 est
1920 902 2210 967 Velleius
2258 920 2402 967 cum
2448 921 2564 984 pro
2611 903 2835 968 verbis

475 1009 848 1087 compositis
921 1005 1242 1088 simplicia
1317 1007 1556 1089 posuit,
1624 1006 1694 1072 id
1763 1008 1934 1088 quod
2009 1008 2391 1090 saepissime
2452 1009 2627 1089 apud
2680 1010 2834 1075 illos

472 1114 855 1180 invenimus
1256 1116 1257 1121 ’

689 1236 908 1301 Cedere
952 1237 1218 1319 ponitur
1263 1258 1379 1318 pro
1425 1235 1755 1303 concedere.
1802 1245 1863 1304 2.
1910 1244 2058 1322 85,5
2108 1238 2334 1306 cedere
2381 1241 2741 1307 victoriam.

689 1343 860 1408 Ciere
892 1364 1007 1425 pro
1063 1346 1330 1427 conciere
1365 1352 1420 1410 1.
1447 1349 1553 1430 2,2
1602 1346 1812 1410 rixam
1876 1346 2062 1411 ciere.
2112 1349 2168 1411 2.
2221 1350 2369 1430 54‚2
2416 1348 2659 1413 bellum
2708 1349 2852 1414 cie-v

470 1470 564 1517 re.
615 1454 672 1515 2.
725 1455 889 1534 75,1.
941 1454 999 1516 2.
1051 1454 1265 1535 129,3.

685 1556 905 1621 Fluere
929 1578 1045 1638 pro
1070 1557 1358 1641 diffluere
1390 1563 1442 1625 l.
1471 1563 1574 1641 6,2
1604 1559 1898 1624 mollitiis
1948 1559 2149 1624 fluere
2183 1563 2241 1624 2.
2268 1564 2417 1642 82,2
2449 1562 2622 1625 ultra
2646 1561 2834 1626 femi-

470 1684 620 1729 nam
668 1665 887 1729 fluere.

685 1769 996 1855 Linquere
1042 1790 1160 1852 pro
1206 1771 1548 1855 relinquere
1603 1775 1656 1838 1.
1681 1777 1790 1854 9,4
1837 1772 2284 1838 Macedoniam
2332 1774 2648 1855 linquere.

694 1861 956 1955 Quo-tere
1002 1897 1118 1959 pro
1167 1884 1492 1943 concutere.
1542 1879 1822 1959 2.110,6
1871 1878 2157 1942 animum
2205 1880 2381 1961 alch.

685 1982 928 2068 Rapere
982 2003 1100 2066 pro
1156 1985 1390 2066 eripere
1454 1986 1510 2047 2.
1546 1987 1701 2061 66,4
1762 1984 2040 2062 rapuisti
2109 1990 2183 2049 tu
2229 1987 2315 2050 Μ.
2366 1986 2663 2052 Ciceroni
2728 1989 2838 2052 lu·-

471 2107 608 2154 cem
657 2092 1023 2156 sollicitam.

682 2194 960 2261 Statuere
1002 2217 1118 2280 pro
1173 2198 1548 2261 constituere.
1593 2201 1643 2263 1.
1680 2199 1843 2278 12,1.
1899 2202 1952 2259 1.
2005 2199 2170 2278 14,2.
2221 2201 2278 2262 2.
2327 2203 2496 2281 6o,5.
2548 2203 2603 2264 2.
2657 2202 2825 2284 79,1.

471 2306 526 2367 2.
578 2307 746 2387 91,3.
799 2309 854 2371 2.
902 2310 1073 2389 95,1.
1124 2309 1184 2371 2.
1241 2310 1448 2387 109,5.

695 2410 964 2476 Tendere
1034 2432 1151 2494 pro
1221 2409 1581 2475 contendere
1648 2411 1872 2496 aliquo.
1948 2415 2005 2476 2.
2077 2414 2225 2492 2Ο,3
2289 2413 2357 2478 in
2406 2414 2830 2493 Campaniam

466 2518 732 2585 tendere
781 2523 1012 2587 2115.
1060 2524 1097 2583 2
1145 2519 1413 2585 tendere
1460 2519 1543 2584 ad
1591 2520 1925 2585 Tiberium
1971 2519 2449 2600 imperatorem.

685 2628 849 2692 Tum
898 2627 1457 2693 commemoranda
1502 2633 1659 2691 sunt
1704 2628 1893 2691 haec:
2305 2617 2308 2620 ’

686 2734 1047 2797 Assuescere
1121 2754 1236 2815 pro
1303 2733 1718 2799 assuefacere
1789 2734 2017 2799 dicunt
2076 2737 2309 2812 poetae
2372 2733 2630 2805 (Horat.
2691 2735 2827 2800 Sat.

479 2844 531 2906 l.
566 2840 810 2923 :2‚109.)
843 2841 1009 2906 Vell.
1044 2844 1100 2905 2.
1139 2844 1281 2920 79,1
1321 2840 1760 2905 contrahendo
1807 2840 2003 2905 militi
2048 2858 2127 2903 ac
2173 2840 2405 2921 remigi
2452 2841 2829 2906 navalibus-

472 2965 597 3028 que
641 2948 1075 3013 assuescendo
1124 2947 1590 3012 certaminibus
1640 2946 2009 3026 praefectus
2057 2951 2159 3011 est
2203 2946 2287 3011 M.
2333 2947 2646 3027 Agrippa.

684 3053 984 3116 Astruere
1044 3055 1365 3119 translate
1412 3053 1647 3119 latiore
1695 3052 2168 3133 significatione
2214 3071 2329 3133 pro
2377 3052 2637 3137 addere,
2709 3053 2832 3118 tri·

468 3165 667 3228 buere
731 3161 1066 3226 invenitur
1128 3162 1298 3241 apud
1359 3160 1663 3226 Ovidium
1751 3161 1974 3224 solum.
2032 3161 2164 3224 Ars
2243 3178 2362 3223 am.
2429 3162 2490 3227 2.
2518 3163 2640 3224 119
2692 3160 2824 3224 iam

469 3269 698 3334 molire
768 3270 1053 3333 animum
1124 3268 1236 3347 qui
1308 3267 1500 3331 duret
1563 3274 1631 3332 et
1687 3267 1956 3331 adstrue
2019 3266 2280 3330 formae.
2344 3265 2603 3345 saepius
2647 3265 2824 3347 apud

469 3382 822 3456 argenteae
856 3374 1205 3440 latinitatis
1253 3373 1621 3453 scriptores,
1668 3372 1868 3457 (Plin.
1915 3374 2062 3437 Tac.
2112 3371 2332 3453 Quint.
2380 3371 2601 3455 Mart.)
2652 3373 2828 3439 Vell.

470 3484 527 3546 2.
556 3485 704 3565 52,2
755 3483 867 3546 vix
936 3480 1287 3562 quidquam
1336 3481 1472 3544 eius
1522 3480 1773 3561 gloriae
1822 3479 2153 3545 adstruxit
2200 3479 2315 3542 illa
2365 3478 2655 3545 victoria.

680 3587 958 3666 Auferre
981 3587 1382 3652 transfertur
1399 3587 1482 3651 ad
1507 3594 1801 3669 mortem,
1831 3587 2260 3667 praeuntibus
2285 3584 2512 3664 poetis,
2561 3586 2816 3668 (Horat.

469 3696 674 3761 Carm.
740 3701 1036 3777 2.16,29.
1087 3694 1317 3759 Catull.
1370 3694 1562 3761 3.]5.)
1612 3694 1777 3758 Vell.
1827 3700 1883 3757 2.
1913 3696 2066 3776 55,4
2134 3691 2495 3757 Labienum
2545 3693 2820 3757 Varum-

465 3820 594 3882 que
655 3802 829 3866 acies
891 3801 1166 3882 abstulit
1221 3799 1281 3867 2.
1350 3805 1498 3882 l5‚3
1557 3801 1623 3865 id
1684 3802 1924 3866 bellum
1972 3801 2251 3881 amplius
2297 3805 2592 3865 trecenta
2640 3800 2824 3864 milia

467 3908 832 3974 iuventutis
878 3906 1130 3972 Italicae
1177 3908 1468 3971 abstulit.

683 4012 1033 4077 Autumare
1096 4019 1199 4077 est
1252 4013 1421 4077 idem
1470 4032 1544 4077 ac
1593 4014 1825 4097 dicere,
1875 4014 2241 4093 nominare3
2289 4013 2550 4091 saepius
2599 4017 2818 4079 exstat

466 4122 644 4204 apud
702 4122 952 4201 priores
1016 4120 1230 4184 rarius
1279 4121 1454 4201 apud
1508 4139 1723 4185 aureae
1783 4121 1999 4185 aetatis
2046 4125 2272 4200 poetas
2327 4111 2573 4202 (Plaut.
2621 4115 2818 4199 Ten).

464 4229 630 4295 Vell.
687 4232 738 4291 l.
791 4232 898 4311 6,4
942 4227 1162 4291 Elissa
1209 4228 1430 4309 Tyria,
1478 4245 1674 4308 quam
1722 4228 1985 4308 quidam
2029 4227 2199 4291 Dido
2248 4230 2606 4289 autumant.

678 4333 1151 4416 Circumvolare,
1200 4353 1328 4399 vox
1372 4352 1413 4397 a
1482 4334 1693 4414 poetis
1738 4334 2180 4398 tantummodo
2230 4337 2562 4412 usurpata.
2621 4332 2816 4409 Verg.

469 4446 628 4509 Aen.
687 4449 898 4524 6,687.
948 4442 1177 4505 Horat.
1247 4440 1454 4505 Carm.
1507 4446 1562 4505 1.
1588 4446 1760 4521 2,33.
1808 4440 1875 4503 id
1947 4438 2079 4504 Sat.
2128 4444 2375 4521 2.1,58.
2425 4437 2611 4503 Ovid.
2661 4438 2829 4502 Met..
