3096 5091
1519 534 1876 593 ...30ss

714 715 1058 782 Excaleari
1102 724 1205 784 est
1252 722 1505 787 calceos
1556 722 1683 788 sibi
1733 724 2098 790 detrahere.
2148 730 2206 789 2.
2236 728 2389 807 41,3
2435 723 2536 786 113
2586 737 2661 783 se
2710 712 2885 795 apud

487 840 606 887 neos
663 825 891 908 gessit,
942 829 1018 890 ut
1078 844 1292 905 neque
1350 846 1658 908 umquam
1709 835 1826 895 3111
1871 836 2062 895 nocte
2108 834 2224 894 aut
2270 828 2373 893 die
2421 831 2539 891 aut
2590 821 2887 889 excalce-

492 936 734 996 aretur
792 935 910 995 aut
952 931 1456 1012 ‘discingeretuin
1506 932 1718 1019 (Suet.
1764 936 1990 1002 Vitell.
2040 939 2099 1001 2.
2145 939 2221 1000 111
2266 934 2394 999 sibi
2439 931 2648 1013 pedes
2698 944 2888 1008 prae-

495 1037 691 1101 heret
741 1038 1230 1102 excalceandos.

708 1140 1178 1224 Elanyuescere.
1257 1148 1434 1210 verb.
1504 1147 1861 1213 inchoativ.
1910 1151 1992 1214 ab
2032 1150 2370 1231 elangueo.
2422 1152 2480 1211 2.
2525 1146 2733 1226 111,4
2780 1138 2881 1203 vi-

499 1248 695 1312 ribus
745 1251 1229 1330 elanguescere.
1279 1249 1501 1335 (Plin.)

720 1352 1051 1418 Innutrire
1106 1355 1279 1420 idem
1328 1364 1431 1422 est
1477 1365 1680 1439 atque
1725 1361 2021 1425 educare.
2071 1367 2130 1426 2.
2164 1366 2315 1441 94,2
2366 1360 2507 1424 Tib.
2555 1350 2885 1422 Claudius
2959 1401 2964 1409 .

495 1461 704 1540 Ner0,
783 1460 1150 1526 innutritus
1228 1465 1609 1529 caelestium
1680 1472 2180 1547 praeceptorum
2237 1463 2627 1545 disciplinis.
2681 1457 2886 1541 (Plin-

497 1585 601 1646 ep.
653 1571 823 1641 9‚33.
873 1565 1050 1630 Suet.
1098 1569 1274 1649 Aug.
1321 1572 1377 1632 3.
1424 1571 1596 1636 Plin.
1644 1573 1889 1653 Paneg.
1942 1571 2071 1651 16.)

709 1669 1055 1753 Repensare
1100 1672 1571 1754 frequentativ.
1607 1696 1646 1741 a
1677 1677 2036 1757 rependere
2066 1678 2236 1742 idem
2269 1681 2373 1742 est
2403 1694 2483 1740 ac
2510 1670 2885 1752 rependere

500 1779 613 1843 vel
672 1768 1106 1857 compensare.
1175 1787 1232 1845 2.
1279 1787 1431 1863 21,4
1478 1783 1666 1848 cuius
1723 1784 2031 1848 interitus
2102 1784 2409 1863 voluptas
2483 1779 2882 1845 amissorum

483 1892 611 1949 aut
681 1884 901 1964 gladio
971 1892 1088 1950 aut
1156 1889 1380 1951 morbo
1451 1889 1698 1953 civium
1769 1908 1975 1969 paene
2037 1889 2270 1952 damno
2327 1890 2692 1967 repensata
2763 1884 2882 1945 est.

486 1990 754 2074 (senec.
802 1991 1028 2072 Apul.)

1449 2316 1733 2426 caput
1797 2309 1940 2401 III.

717 2556 921 2620 Aliud
986 2561 1090 2621 est
1136 2563 1495 2638 argenteae
1545 2558 1924 2639 131111113113,
1974 2558 2143 2637 qnod
2175 2558 2403 2623 multis
2436 2559 2718 2623 vocibus
2749 2551 2878 2617 alia

482 2661 890 2743 significatio
948 2668 1148 2742 atque
1195 2664 1371 2743 apud
1396 2664 1681 2744 optimos
1730 2663 2083 2742 scriptores
2127 2664 2483 2748 habebant,
2537 2660 2878 2729 tribuitur.
2948 2701 2954 2707 -

483 2768 674 2848 apud
707 2768 1036 2832 Velleium
1070 2786 1328 2847 quoque
1363 2787 1679 2850 magnum
1713 2769 2059 2833 verborum
2089 2786 2434 2833 numerum
2482 2768 2876 2843 invenimus,

491 2874 736 2955 quibus
784 2873 900 2937 ille
948 2891 1186 2937 novam
1233 2874 1368 2939 vim
1420 2874 1622 2939 dedit.

717 2979 1009 3058 Repperi
1056 2990 1279 3043 autem
1327 2979 1755 3044 substantiva
1799 2979 1992 3043 haec:

717 3084 916 3146 Actus
963 3102 1162 3149 sensu
1192 3087 1457 3165 passivo
1507 3085 1681 3148 idem
1738 3090 1839 3148 est
1885 3101 1959 3146 ac
2007 3084 2360 3167 negotium,
2412 3103 2521 3148 res
2570 3079 2877 3166 gerenda.

478 3196 543 3257 2.
584 3196 787 3276 127,4
835 3190 1117 3255 Seianus
1180 3192 1446 3264 AeliuS‚
1496 3191 1606 3253 vir
1669 3189 2044 3254 severitatis
2104 3189 2534 3271 laetissimae,
2584 3186 2879 3253 hilarita-

484 3299 576 3363 tis
610 3299 898 3378 priscae,
934 3306 1089 3359 actu
1138 3296 1366 3360 otiosis
1417 3294 1792 3359 simillimus
1840 3300 1959 3358 etc.
2007 3294 2256 3373 priores
2304 3294 2427 3357 hac
2474 3312 2642 3359 voce
2688 3297 2877 3357 utun-

474 3411 596 3468 tur
660 3407 782 3466 aut
844 3402 1063 3465 activo
1129 3406 1248 3465 aut
1311 3400 1585 3479 passivo
1648 3416 1843 3462 sensu
1908 3398 1985 3463 de
2044 3399 2189 3477 ipsa
2234 3400 2497 3463 actione
2546 3399 2659 3464 vel
2702 3398 2877 3461 motu

477 3516 599 3574 ant
671 3507 754 3571 de
815 3514 1010 3586 gestu
1076 3512 1144 3569 et
1190 3510 1374 3569 motu
1424 3504 1718 3582 corporis
1765 3503 2151 3567 histrionum
2199 3508 2266 3566 et
2315 3506 2732 3569 saltatorum.
2779 3515 2875 3578 eo7

484 3615 636 3678 dem
713 3628 936 3690 sensu,
1012 3630 1138 3689 quo
1186 3608 1488 3673 Velleius
1562 3624 1784 3670 vocem
1853 3609 2088 3689 posuit,
2159 3612 2382 3672 exstat
2451 3610 2635 3689 apud
2705 3607 2873 3672 Suet.

479 3719 665 3799 Aug.
723 3721 827 3777 78.
866 3714 1093 3779 Claud.
1140 3720 1243 3779 30.
1284 3711 1466 3792 apud
1509 3710 1732 3791 Quint.
1764 3716 1927 3792 11,1.
1952 3711 2019 3775 111
2046 3713 2283 3776 ceteris
2302 3714 2571 3778 actibus
2597 3715 2775 3779 vitae
2797 3706 2872 3772 al.

705 3818 1066 3880 Assentatio
1133 3836 1175 3881 a
1238 3816 1556 3880 Cicerone
1621 3814 1789 3877 malo
1847 3833 2039 3879 sensu
2095 3818 2379 3882 sumitur
2425 3817 2537 3901 (cf.
2589 3821 2728 3884 Att.
2779 3815 2870 3878 13.

480 3931 573 3991 28
627 3922 1002 3989 assentatio
1052 3922 1289 4000 turpis,
1351 3919 1563 3984 Amic.
1616 3920 1717 3982 24.
1764 3920 2124 3983 assentatio
2170 3922 2485 3987 vitiorum
2537 3914 2868 3998 adiutrix.)

475 4030 787 4100 Velleius
853 4028 1024 4089 bono
1090 4043 1293 4088 sensu
1371 4027 1656 4102 usurpat
1724 4042 1841 4103 pro
1889 4043 2175 4089 assensn.
2232 4030 2290 4091 2.
2346 4021 2544 4110 128,3
2630 4027 2737 4108 11111
2787 4021 2865 4087 Μ.

466 4136 701 4205 Tullio
751 4136 1016 4195 tantum
1052 4129 1352 4193 tribuere
1401 4132 1478 4191 ut
1519 4144 1730 4206 paene
1775 4130 2218 4195 assentatione
2264 4149 2405 4215 sua,
2457 4135 2701 4212 quibus
2745 4127 2868 4195 vel-

479 4247 594 4327 let,
649 4235 1080 4322 principatus
1129 4233 1537 4296 conciliaret.

700 4342 952 4407 Auctor
1005 4338 1293 4403 sumitur
1347 4355 1467 4416 pro
1540 4334 1858 4412 scriptore
1922 4340 1976 4399 1.
2005 4344 2039 4399 7
2046 4340 2108 4420 ,2
2156 4339 2614 4410 historiarum.
2662 4347 2717 4407 2.
2751 4341 2865 4420 9,5.

471 4462 535 4520 2.
588 4457 751 4534 36,2
804 4445 1194 4511 carminum.
