3096 5091
1462 484 1816 543 —14—

464 682 741 758 apparet
809 677 1341 758 quemadmodum
1412 676 1667 740 urbium
1736 675 2282 754 imperiorumque
2351 674 2448 737 ita
2516 672 2806 753 gentium

466 803 639 847 nunc
684 783 915 849 florere
961 784 1289 848 fortunam
1314 801 1484 847 nunc
1529 782 1817 846 interire.
1867 787 1923 845 2.
1974 786 2123 862 30,3
2171 781 2332 846 adeo
2364 780 2684 845 familiare
2708 786 2810 844 est

466 891 831 955 hominibus
901 891 1116 955 omnia
1185 890 1310 954 sibi
1365 889 1702 971 ignoscere
1748 870 1911 952 nihil
1958 888 2104 952 aliis
2150 889 2483 953 remittere
2532 894 2599 951 et
2646 886 2808 951 invi-

465 997 639 1062 diam
706 1016 921 1062 rerum
988 1017 1115 1061 non
1186 997 1266 1061 ad
1315 1016 1575 1062 causam
1626 996 1739 1060 sed
1787 996 1870 1059 ad
1915 996 2321 1060 voluntatem
2370 1010 2808 1076 personasque

464 1102 765 1185 dirigere.
832 1109 887 1167 2.
917 1108 1063 1184 36,3
1112 1123 1263 1168 113111
1310 1104 1606 1167 vivorum
1656 1108 1730 1167 ut
1799 1122 2037 1184 magna
2083 1102 2428 1166 admiratio
2498 1101 2594 1165 ita
2664 1117 2811 1164 cen-

468 1229 625 1275 sura
640 1209 920 1274 difficilis
947 1217 1062 1274 est.
1084 1217 1140 1274 2.
1166 1215 1316 1292 40‚5
1332 1204 1682 1289 numquam
1695 1209 2045 1274 eminentia
2068 1209 2317 1273 invidia
2334 1213 2574 1273 carent.
2591 1214 2629 1271 2
2656 1212 2807 1287 82,2

464 1318 735 1381 aluntur
802 1316 969 1380 vitia
1037 1317 1609 1381 assentationibus.
1663 1322 1719 1379 2.
1761 1322 1908 1398 53,2
2003 1315 2115 1380 sed
2166 1316 2310 1396 quis
2375 1316 2440 1379 in
2510 1312 2808 1379 adversis

465 1423 930 1489 beneficiorum
978 1430 1198 1488 servat
1244 1422 1663 1488 memoriam?
1756 1429 1872 1487 aut
1929 1423 2074 1502 quis
2146 1424 2343 1487 ullam
2413 1419 2811 1486 calamitosis

469 1530 691 1594 deberi
738 1534 929 1609 putat
974 1529 1298 1611 gratiam?
1391 1535 1507 1594 aut
1555 1529 1811 1610 quando
1859 1528 2126 1593 fortuna
2172 1548 2300 1593 11011
2332 1534 2546 1593 11111131
2569 1525 2812 1592 fidem?

465 1636 926 1700 beneficiorum
974 1637 1287 1702 memoria
1313 1655 1469 1716 erga
1492 1636 1789 1701 infelices
1845 1636 2032 1700 nulla
2080 1654 2221 1701 esse
2270 1637 2454 1700 solet.
2506 1642 2563 1699 2.
2619 1638 2809 1714 102,3

466 1743 706 1807 etenim
775 1761 1028 1822 setnper
1095 1760 1370 1825 magnae
1438 1742 1719 1808 tortunae
1789 1762 1999 1808 comes
2060 1742 2248 1807 adest
2309 1742 2622 1807 adulatio,
2670 1758 2815 1804 sen-

342 1846 347 1850 ’
464 1849 741 1930 10111133,
807 1868 951 1928 quae
996 1851 1327 1929 pertinent
1373 1849 1458 1913 ad
1504 1849 1626 1914 fati
1674 1851 1822 1932 vim,
1871 1851 2000 1914 iam
2049 1869 2247 1928 supra
2295 1844 2814 1914 commemoravi.

679 1955 950 2020 Accedit
995 1956 1300 2021 similium
1362 1958 1467 2021 vel
1523 1957 1884 2037 imaginum
1931 1974 2121 2027 usus,
2172 1974 2338 2035 quae
2384 1956 2594 2020 multa
2640 1951 2816 2034 apud

465 2063 785 2128 Velleium
854 2062 1295 2144 inveniuntur,
1369 2069 1697 2127 oratorum
1775 2064 1880 2127 vel
1927 2068 2264 2142 poetarum
2333 2081 2528 2126 more.
2603 2066 2655 2125 1.
2708 2063 2810 2139 5,1

462 2170 896 2235 clarissimum
967 2168 1199 2233 deinde
1271 2169 1536 2234 Homeri
1607 2169 1827 2233 illuxit
1893 2170 2243 2252 ingenium.
2320 2176 2373 2234 1.
2452 2174 2596 2250 16,1
2674 2184 2818 2247 quae

457 2277 586 2359 (sc.
643 2275 1020 2359 festinatio)
1090 2295 1193 2341 me
1254 2282 1416 2342 rotae
1480 2276 1750 2357 pronive
1805 2277 2088 2358 gurgitis
2151 2296 2227 2342 ac
2289 2277 2561 2342 verticis
2629 2271 2817 2338 modo

464 2401 814 2462 numquam
861 2383 1113 2462 patitur
1159 2385 1529 2449 consistere.
1622 2384 1774 2448 ibid.
1825 2391 1861 2448 2
1912 2364 1979 2449 01
2026 2383 2567 2464 quemadmodum
2594 2383 2819 2446 clausa

467 2509 658 2571 capso
706 2490 919 2555 aliove
966 2495 1169 2570 saepto
1220 2490 1462 2557 diversi
1509 2493 1768 2574 generis
1816 2492 2123 2557 animalia
2153 2492 2354 2556 nihilo
2388 2492 2604 2556 minus
2636 2503 2822 2567 sepa-

464 2605 613 2663 rata
659 2599 893 2663 alienis
937 2598 1005 2662 in
1054 2618 1251 2664 unum
1300 2618 1575 2681 quaeque
1623 2620 1854 2682 corpus
1902 2605 2385 2682 congregantur
2431 2608 2556 2664 etc.
2598 2593 2738 2661 ibid
2779 2594 2824 2654 4

458 2706 732 2784 ingenia
779 2705 1109 2770 Socratico
1158 2725 1268 2771 ore
1293 2706 1660 2772 defluentia.
1711 2714 1766 2771 2.
1791 2710 1898 2786 4,6
1992 2708 2198 2772 Roma
2245 2706 2577 2771 extulerat
2603 2703 2820 2779 caput.

467 2818 527 2877 2.
554 2818 658 2894 53,
711 2818 746 2875 3
796 2811 1022 2876 collisa
1068 2813 1239 2876 inter
1286 2832 1356 2878 se
1407 2814 1529 2878 duo
1578 2814 1974 2895 reipublicae
2020 2814 2252 2894 capita.
2302 2820 2359 2877 2.
2411 2817 2572 2893 36,1’
2631 2808 2823 2871 divus

460 2920 810 2999 ‚Augustus
866 2920 1163 2983 omnibus
1224 2920 1506 2985 omnium
1571 2922 1863 3002 gentium
1910 2921 2073 2987 viris
2135 2920 2528 2985 inducturus
2597 2909 2830 2992 caligi-.

468 3043 613 3090 nem
686 3032 740 3089 2.
809 3031 958 3108 41,1
1034 3029 1412 3093 consulatus
1482 3028 1547 3093 C.
1620 3029 1915 3110 Caesaris,
1988 3029 2100 3109 qui
2162 3027 2474 3092 scribenti
2556 3033 2826 3088 manum

468 3132 695 3215 injicit.
745 3138 804 3196 2.
858 3137 1045 3215 129,3
1110 3121 1410 3199 Tiberius
1477 3135 1946 3201 Maroboduum
2014 3135 2445 3200 inhaerentem
2522 3119 2830 3207 occupati

467 3239 653 3321 regni
700 3238 935 3304 finibus
981 3240 1168 3305 velut
1214 3247 1583 3322 serpentem
1630 3244 2001 3307 abstrusam
2046 3247 2240 3307 terrae
2265 3241 2646 3307 salubribus
2682 3247 2833 3297 con-

462 3346 761 3411 siliorum
809 3347 1301 3413 medicamentis
1348 3350 1561 3432 coegit
1628 3350 1865 3432 egredi.
1917 3356 1972 3416 2.
2000 3356 2151 3433 29,2
2178 3368 2508 3414 armorum
2533 3344 2834 3410 furorem

464 3453 700 3533 sopire.

691 3576 820 3642 Sed
870 3579 1180 3662 exempla,
1243 3597 1385 3660 quae
1434 3581 1629 3645 attuli
1697 3581 1891 3645 huius
1940 3580 2194 3645 dicendi
2263 3580 2549 3662 generiS,
2604 3585 2833 3654 quam-

466 3701 671 3765 ·quam
717 3685 1043 3764 permulta
1091 3686 1219 3749 alia
1291 3704 1674 3752 enumerare
1720 3705 2001 3770 possum,
2052 3686 2352 3752 sufficere
2425 3689 2611 3767 puto,
2688 3691 2836 3739 ora-

480 3795 657 3856 tores
707 3809 898 3870 porro
943 3792 1242 3858 ‘Velleius
1287 3793 1585 3859 imitatus
1632 3798 1752 3875 est,
1801 3812 1946 3859 cum
1993 3794 2233 3859 multas
2264 3784 2838 3872 interrogationes

465 3898 844 3978 *multasque
890 3899 1397 3965 exclamationes
1445 3901 1723 3965 orationi
1794 3900 2090 3966 inseruit.
2140 3907 2409 3966 exstant
2455 3901 2838 3966 interroga-

475 4006 712 4069 tiones:
812 4010 1060 4086 1.16,4.
1133 4011 1385 4087 2.42,2.
1456 4011 1646 4089 253,
1723 4013 1778 4072 2.
1839 4011 2090 4088 2.75,2.
2177 4012 2473 4090 2.111,4.
2574 3995 2837 4066 2.122.

481 4117 709 4176 2129.
758 4117 1054 4195 2.130,2·.
1102 4113 1607 4178 exc1amationes
1661 4119 1713 4178 1.
1742 4119 1863 4192 7‚3.
1911 4120 1969 4179 2.
2020 4120 2188 4196 20,3.
2237 4120 2295 4179 2.
2323 4118 2493 4195 52,5.
2546 4094 2833 4178 21031

472 4221 536 4282 2.
568 4221 778 4300 114,1.
803 4237 922 4283 nec
933 4219 1193 4284 silentio
1219 4220 1741 4299 praetereundum
1767 4226 1867 4286 est
1900 4222 2202 4304 hocloco,
2232 4222 2488 4302 quoties
2507 4209 2838 4291 Conjunc·

477 4325 685 4389 tivum
731 4325 1017 4391 Perfecti
1086 4326 1377 4406 posuerit
1423 4326 1749 4408 VelleiuS,
1822 4328 1933 4393 ubi
1983 4327 2061 4391 de
2109 4346 2227 4392 sua
2274 4321 2616 4392 sententia
2665 4305 2838 4376 iudi-

469 4433 672 4516 cavit,
737 4450 867 4514 qua
913 4450 994 4496 ex
1041 4450 1114 4497 re
1162 4431 1502 4497 urbanitas
1552 4432 1846 4514 quaedam
1903 4437 2101 4513 atque
2172 4432 2488 4498 modestia
2561 4428 2838 4499 cognos-
