3096 5091
1404 472 1767 557 ,-11···

401 677 542 722 non
585 663 821 740 potest,
871 659 1029 740 quin
1076 678 1313 742 magna
1361 679 1506 726 cum
1552 661 1893 743 diligent-ia
1946 666 2159 730 omnia
2190 683 2357 747 quae
2402 671 2471 733 et
2514 667 2642 751 ipsi
2688 677 2759 734 et

405 764 699 830 familiae
754 785 911 831 suae
973 767 1202 832 honori
1264 766 1642 850 gloriaeque
1703 788 1849 836 esse
1910 777 2246 856 poterant,
2307 780 2759 841 commemoret

404 873 530 955 ita,
600 879 674 938 ut
728 878 934 938 totam
994 872 1132 939 fere
1191 875 1396 939 vitam
1457 875 1598 941 eius
1653 877 1722 941 in
1782 877 1947 942 libro
1992 881 2353 961 expositam
2393 881 2757 947 videamus.

380 979 493 1045 cf.
540 982 596 1046 2.
647 985 791 1063 76,1
886 981 1059 1062 quod
1125 982 1336 1046 alieno
1381 983 1827 1049 testimonium
1870 985 2228 1069 redderem,
2275 1006 2350 1053 eo
2397 1007 2526 1053 non
2584 986 2759 1053 frau-

409 1088 578 1153 dabo
648 1107 844 1153 avum
912 1107 1152 1171 meum,
1226 1090 1464 1171 quippe
1518 1089 1585 1156 C.
1632 1091 1925 1156 Velleius
1944 1142 1960 1173 ,
2030 1093 2527 1159 honoratissimo
2582 1096 2760 1160 inter

404 1194 558 1260 illos
604 1200 931 1261 trecentos
978 1201 1046 1261 et
1092 1197 1440 1278 sexaginta
1484 1197 1735 1263 iudices
1758 1199 1897 1263 loco
1945 1219 1984 1263 a
2031 1200 2142 1265 Cn.
2190 1201 2494 1284 Pompeio
2523 1202 2754 1283 lectus,

402 1303 697 1368 eiusdem
744 1303 1074 1382 Marcique
1096 1303 1288 1368 Bruti
1335 1323 1411 1368 ac
1455 1305 1731 1370 Neronis
1777 1305 2120 1386 praefectus
2143 1297 2418 1392 fabrum,
2466 1308 2758 1374 virnulli

382 1409 747 1490 ,secunduS,
784 1415 903 1474 etc.
931 1411 987 1473 2.
1019 1411 1163 1490 16,2
1234 1427 1444 1490 neque
1484 1427 1606 1492 ego
1637 1411 2033 1477 verecundia
2057 1412 2392 1480 domestici
2416 1415 2757 1496 sanguinis

392 1517 659 1600 gloriae
707 1517 1073 1596 quicquam,
1109 1516 1261 1580 dum
1279 1535 1507 1582 verum
1532 1516 1766 1602 refer0,
1794 1520 2194 1603 subtraham,
2223 1522 2458 1603 quippe
2482 1521 2758 1586 multum

403 1624 688 1691 Munatii
735 1623 941 1706 Magii
986 1624 1168 1689 atavi
1217 1624 1341 1689 mei
1401 1624 1871 1690 Aeculanensis
1915 1626 2332 1692 tribuendum
2378 1632 2481 1692 est
2526 1646 2760 1692 memo-

402 1731 569 1812 riae,
618 1731 730 1812 qui
778 1738 900 1796 etc.
949 1733 1008 1796 2.
1060 1736 1245 1813 115,1
1281 1731 1351 1795 in
1383 1748 1512 1810 qua
1542 1731 1830 1814 regione,
1881 1731 2058 1812 quali
2090 1733 2388 1798 adiutore
2414 1735 2760 1814 legatoque

396 1839 618 1905 fratre
663 1856 802 1902 meo
850 1837 1070 1919 Magio
1118 1837 1343 1903 Celere
1390 1837 1729 1903 Velleiano
1777 1856 1935 1903 usus
1996 1839 2101 1921 sit,
2165 1841 2369 1922 ipsius
2429 1841 2762 1922 patrisque

336 1928 347 1937 ’
402 1947 553 2012 eius
602 1945 1082 2028 praedicatione
1150 1950 1465 2010 testatum
1528 1950 1667 2026 est,
1717 1951 1785 2011 et
1830 1945 2373 2028 amplissimorum
2419 1948 2757 2029 honorum,

393 2054 644 2135 quibus
713 2051 1123 2132 triumphans
1186 2070 1332 2116 eum
1381 2050 1624 2117 Caesar
1692 2052 1981 2135 donavit,
2052 2052 2276 2135 signat
2342 2054 2653 2118 memoria
2702 2056 2759 2119 2.

407 2165 606 2242 104‚3
669 2160 790 2224 hoc
853 2164 1110 2241 tempus
1157 2177 1260 2224 me
1320 2157 1617 2223 functum
1666 2164 1820 2224 ante
1866 2160 2205 2225 tribunatu
2253 2166 2616 2226 castrorum
2664 2146 2760 2224 Ti.

397 2268 714 2336 Caesaris
782 2267 1054 2331 militem
1123 2265 1310 2346 fecit,
1361 2266 1603 2348 quippe
1647 2266 1947 2348 protinus
1995 2264 2077 2331 ab
2126 2267 2471 2349 adoptione
2519 2267 2759 2331 missus

399 2396 554 2442 cum
587 2395 660 2441 eo
687 2373 1058 2457 praefectus
1085 2373 1375 2453 equitum
1421 2373 1489 2436 in
1515 2372 1934 2438 Germaniam
1960 2391 2295 2438 successor
2326 2373 2522 2438 officii
2553 2374 2761 2456 patris

397 2483 555 2568 mei,
604 2480 1212 2547 caelestissimorum
1247 2480 1387 2545 eius
1427 2497 1692 2563 operum
1736 2497 1854 2563 per
1898 2499 2104 2545 annos
2159 2482 2499 2547 continuos
2531 2499 2762 2547 novem

396 2589 779 2674 praefectus
849 2593 967 2652 aut
1028 2587 1287 2675 legatus
1349 2592 1681 2668 spectator
1742 2593 1809 2652 et
1870 2606 1987 2670 pro
2049 2600 2246 2670 captu
2291 2588 2763 2654 mediocritatis

394 2716 590 2763 meae
636 2697 896 2760 adiutor
942 2693 1055 2759 fui.
1121 2696 1178 2758 2.
1230 2697 1422 2776 121,3
1515 2713 1705 2775 quem
1755 2694 1868 2779 (sc.
1916 2694 2345 2779 triumphum)
2413 2696 2571 2760 mihi
2636 2696 2766 2760 fra-

400 2804 626 2884 trique
693 2821 834 2868 meo
904 2803 1077 2867 inter
1145 2802 1530 2884 praecipuos
1601 2802 2096 2884 praecipuisque
2168 2802 2353 2867 donis
2411 2803 2765 2867 adornatos

382 2912 585 2978 ‘viros
635 2910 935 2975 comitari
982 2909 1273 2990 contigit.
1322 2908 1400 2974 cf.
1448 2914 1792 2991 praeterea
1841 2912 1898 2974 2.
1949 2912 2117 2992 52,4.
2166 2913 2227 2976 2.
2265 2912 2433 2994 69,5.
2485 2912 2543 2975 2.
2574 2912 2763 2991 101,2

406 3024 489 3085 et
541 3024 596 3082 3.
647 3017 946 3099 2.113,3.
996 3020 1292 3100 2.111,3.
1342 3020 1645 3099 2.114,1.
1691 3019 1949 3100 2.124,3
1996 3023 2063 3082 et,
2109 3022 2168 3082 4.

622 3125 854 3189 Totam
872 3124 1191 3189 rationem
1209 3142 1421 3205 porro,
1451 3140 1644 3203 quam
1661 3124 1730 3187 in
1751 3124 2027 3187 historia
2045 3122 2486 3207 componenda
2503 3127 2767 3187 secutus

382 3235 512 3298 -est
557 3231 863 3313 Velleius,
912 3231 1198 3295 moribus
1247 3249 1323 3294 ac
1384 3235 1663 3294 naturae
1717 3229 1978 3294 illorum
2038 3235 2405 3312 temporum
2464 3229 2722 3293 omnino

399 3338 773 3421 convenire,
803 3338 1044 3420 optime
1069 3337 1395 3419 Sauppius
1420 3337 1489 3400 in
1513 3336 1681 3402 Mus,
1730 3336 1992 3401 Helvet.
2022 3338 2208 3402 1837.
2256 3338 2307 3401 Ι.
2331 3355 2393 3419 p.
2424 3338 2549 3400 158
2582 3334 2768 3399 nobis

400 3445 873 3527 comprobavit,
923 3444 1105 3509 cuius
1137 3445 1342 3508 verba
1397 3462 1538 3508 cum
1589 3441 2040 3508 emendatione
2083 3441 2346 3506 minime
2372 3447 2628 3525 egeant,
2700 3442 2769 3506 in

398 3552 784 3619 memoriam
802 3568 1148 3616 revocasse
1164 3550 1325 3614 satis
1344 3550 1547 3614 habeo
1569 3575 1583 3631 ;
1608 3551 1729 3614 hoc
1755 3568 1955 3614 unum
1970 3547 2269 3631 referam,
2296 3548 2621 3614 Velleium
2638 3568 2770 3614 non

392 3672 550 3733 tam
622 3659 998 3723 continuam
1058 3676 1276 3723 rerum
1337 3656 1780 3721 Romanarum
1834 3655 2176 3721 historiam
2203 3673 2396 3736 quam
2438 3656 2773 3722 hominum

425 3783 780 3845 rerumque
805 3765 1085 3829 maxime
1125 3763 1642 3829 memorabilium
1673 3763 2229 3828 enumerationem
2261 3762 2450 3827 nobis
2499 3762 2773 3829 dedisse.

624 3872 754 3938 Sed
804 3872 1105 3952 quoniam
1129 3871 1423 3936 breviter
1469 3870 1759 3953 exposui,
1813 3887 1979 3950 quae
2028 3870 2112 3934 ad
2157 3874 2465 3934 naturam
2512 3870 2773 3935 illorum

395 3988 768 4061 temporum
816 3978 1169 4060 pertinent,
1211 3983 1279 4042 et
1326 3978 1742 4059 comprobavi
1773 3977 2095 4042 Velleium
2126 3978 2563 4045 Paterculum
2608 3994 2776 4041 com-

396 4085 698 4153 munium
748 4089 1101 4168 argenteae
1169 4084 1414 4149 aetatis
1464 4084 1780 4150 vitiorum
1850 4084 2115 4148 minime
2163 4089 2497 4164 expertem
2543 4081 2770 4165 fuisse,

394 4193 490 4258 ad
535 4193 808 4257 alteram
857 4191 1338 4256 dissertationis
1386 4195 1641 4273 partem
1688 4190 1902 4274 veni0,
1950 4208 2079 4270 qua
2125 4194 2485 4272 argenteae
2549 4188 2774 4252 latini-

378 4299 567 4364 ¹tatis
612 4298 815 4380 vitia,
883 4316 1040 4362 num
1100 4297 1171 4361 in
1216 4296 1454 4362 Velleii
1501 4314 1758 4378 quoque
1805 4298 2097 4362 oratione
2148 4295 2624 4376 invenirentur,
2672 4294 2773 4358 in-

387 4405 673 4485 -quirere
715 4404 1123 4487 propositum
1171 4407 1290 4468 est.
