3096 5091
1422 464 1773 522 ...22—

615 654 835 719 Moliri
878 675 992 736 pro
1041 661 1373 721 exstruere
1420 655 1582 721 dicit
1612 656 1945 739 Vergilius
1976 657 2138 721 Aen.
2190 662 2264 739 7‚.
2305 662 2434 721 127
2488 662 2570 722 et.
2622 663 2790 723 290.

396 762 553 829 ibid.
627 768 681 827 3.
751 767 874 826 132
938 781 1154 826 muros
1217 762 1415 863 urbis.
1477 762 1617 826 ibid
1680 767 1740 827 4.
1808 768 1933 827 309
1984 764 2275 828 classem.
2324 763 2472 828 Vell
2526 768 2578 827 1.
2632 769 2777 846 8,3.

407 876 465 935 2.
519 875 641 952 1,2.
690 869 901 934 moliri
949 869 1256 949 porticus,
1310 873 1364 932 1.
1442 873 1587 952 11,5
1638 870 1864 934 aedem
1911 888 1991 934 ex
2052 889 2384 935 marmore.
2460 876 2518 935 2.
2570 875 2779 953 130,1

409 976 741 1056 templum.

626 1099 806 1164 Obire
850 1119 966 1179 pro
1014 1104 1320 1183 mortem,
1372 1100 1541 1165 diem
1590 1119 1959 1180 supremum
2009 1101 2207 1165 obire.
2258 1101 2423 1167 Vell.
2473 1108 2530 1166 2.
2579 1106 2669 1166 47
2696 1109 2787 1185 ,2.

397 1215 462 1274 2.
513 1214 670 1291 59,2
759 1209 816 1270 2.
886 1208 1109 1289 102,1.
1173 1204 1250 1272 ef.
1297 1207 1554 1271 Lueret.
1606 1210 1864 1290 3,1056.
1956 1208 2172 1274 Plaut.
2218 1207 2407 1287 Epid.
2475 1214 2530 1272 3.
2577 1213 2788 1291 4,76‚

401 1316 636 1380 Horat.
687 1313 894 1378 Carm.
946 1319 1002 1377 3.
1053 1315 1222 1393 9,24.

620 1436 928 1520 occupare
987 1443 1089 1502 est
1148 1436 1343 1502 ferire
1388 1438 1582 1520 Verg.
1630 1438 1792 1503 Aen.
1843 1444 1899 1504 9.
1953 1444 2098 1503 770.
2162 1440 2382 1521 gladio
2446 1458 2778 1520 occupare

398 1548 592 1626 alqm.
639 1545 792 1610 ibid.
850 1550 906 1609 9.
958 1550 1102 1608 609.
1151 1543 1336 1609 Ovid.
1385 1545 1537 1610 Met.
1591 1551 1646 1609 3.
1694 1550 1798 1610 48.
1831 1547 2122 1625 Propert.
2174 1550 2230 1610 4.
2280 1549 2453 1628 4,28.
2486 1546 2656 1610 Vell.
2714 1549 2788 1610 2.

403 1659 485 1718 57
496 1660 553 1736 ,1
604 1654 904 1717 incautus
954 1653 1034 1715 ab
1082 1651 1362 1733 ingratis
1412 1658 1765 1732 occupatus
1814 1658 1931 1717 est.

618 1756 1027 1841 Praefulyere
1057 1776 1185 1823 vox
1229 1759 1502 1839 poetica,
1525 1777 1719 1840 quam
1766 1759 2053 1825 Velleius
2079 1759 2401 1824 translate
2425 1760 2786 1838 usurpavit

410 1870 464 1933 1.
517 1870 667 1950 14,4
712 1884 861 1929 nam
906 1864 1287 1929 militarium
1334 1863 1447 1949 (sc.
1496 1864 1919 1950 coloniarum)
1946 1871 2013 1931 et
2037 1884 2232 1929 causa
2264 1870 2330 1929 et
2362 1870 2661 1930 auctores
2698 1884 2789 1930 ex

399 1977 694 2056 ipsarum
762 1971 1153 2054 praefulgent
1197 1973 1456 2036 nomine
1503 1972 1579 2036 cf.
1628 1972 1820 2055 Verg.
1867 1974 2029 2038 Aen.
2080 1975 2293 2055 8,552.

619 2079 979 2144 Praenitere
1055 2079 1280 2143 Horat.
1346 2079 1552 2144 Carni.
1604 2084 1658 2143 1.
1710 2085 1791 2144 33
1813 2085 1877 2163 ,4
1943 2099 2057 2145 cur
2137 2080 2259 2145 tibi
2337 2079 2553 2143 iunior
2614 2079 2784 2144 laesa

406 2188 758 2269 praeniteat
801 2186 942 2250 fide.
995 2186 1160 2250 Vell.
1212 2191 1267 2249 2.
1319 2188 1466 2268 35,1
1520 2185 1879 2266 praenitens
1926 2187 2139 2251 virtus
2173 2185 2456 2251 Catonis,
2507 2187 2579 2261 2,,
2616 2192 2776 2269 39,3

405 2295 712 2375 praenitet
756 2293 967 2358 sorum
988 2331 993 2337 ι
1012 2293 1299 2374 Augusti
1344 2293 1561 2357 titulis
1607 2293 1928 2358 victorum
1974 2293 2288 2375 gentium.

621 2398 911 2462 Promere
957 2405 1058 2464 est
1089 2399 1325 2481 eloqui,
1376 2400 1717 2479 explicare.
1749 2399 1962 2464 Plaut.
1994 2399 2177 2463 Asin.
2232 2405 2285 2462 1.
2341 2402 2507 2482 1‚10.
2541 2401 2783 2466 Horat.

405 2508 615 2573 Carm.
669 2509 722 2572 1.
775 2508 986 2590 34,14.
1033 2506 1118 2571 id.
1163 2505 1284 2585 Ep.
1333 2509 1456 2588 2,1.
1508 2507 1655 2571 104.
1685 2507 1908 2572 clienti
1946 2524 2238 2587 promere
2282 2506 2445 2571 iura.
2492 2507 2661 2573 Vell.
2716 2510 2777 2573 2.

408 2619 559 2696 48,5
593 2615 822 2678 harum
852 2617 1087 2677 rerum'
1116 2611 1269 2676 ordo
1319 2631 1462 2676 cum
1507 2613 1703 2678 iustis
1735 2614 2006 2678 aliorum
2040 2614 2480 2679 voluminibus
2518 2633 2781 2693 proma·
2857 2633 2868 2642 ·

409 2727 538 2804 tur,
587 2726 730 2786 tum
771 2720 1014 2784 nostris
1061 2719 1510 2798 explicabitur.

629 2825 869 2909 Rapere
916 2844 995 2889 se.
1043 2823 1120 2889 cf.
1169 2823 1395 2888 Horat.
1445 2824 1581 2889 Sat.
1632 2828 1689 2890 2.
1742 2829 1953 2910 7,117.
2000 2826 2165 2891 Vell.
2232 2829 2291 2891 2.
2342 2832 2491 2910 85,6
2538 2846 2779 2908 rapere

407 2954 483 3000 se
528 2933 851 3015 praecipiti
883 2932 1070 3014 suga.

621 3037 902 3102 Reddere
947 3037 1246 3121 spiritum
1291 3056 1407 3117 pro
1441 3038 1604 3102 mori
1651 3038 1811 3104 dicit
1859 3040 2149 3105 Velleius
2186 3044 2241 3105 2.
2292 3044 2462 3124 87,1.
2493 3040 2774 3105 reddere

407 3148 691 3213 animam
739 3149 796 3209 2.
852 3149 1041 3227 123,3
1089 3144 1531 3225 praeeuntibus
1591 3146 1818 3225 poetis,
1868 3145 1945 3211 cf.
2013 3146 2199 3212 Ovid.
2248 3148 2443 3211 Trist.
2497 3153 2555 3211 3.
2604 3152 2778 3230 3‚35.

627 3250 921 3320 Refovere
974 3271 1091 3331 pro
1136 3251 1399 3316 reficere
1426 3251 1710 3331 positum
1757 3258 1873 3318 est.
1895 3305 1898 3306 γ
1924 3255 1981 3317 2.
2018 3255 2211 3336 113,2
2245 3255 2420 3321 vires
2448 3256 2776 3319 exercitus

411 3380 495 3425 ex
539 3360 798 3443 itinere,
850 3359 1070 3426 Ovidii
1117 3360 1407 3439 exemplo
1455 3356 1637 3442 (Met.
1686 3365 1744 3423 8.
1794 3365 1939 3424 536.
1987 3359 2251 3425 Heroid.
2307 3365 2452 3444 11‚5
2464 3359 2552 3445 8.)

357 3508 364 3514 -
624 3464 953 3549 Refulqere
1009 3484 1139 3531 vox
1191 3465 1403 3545 poetis
1457 3466 1722 3545 propria
1776 3464 1852 3531 cf.
1909 3466 2103 3548 Verg.
2149 3466 2309 3531 Aen.
2364 3472 2573 3550 l,406.
2618 3467 2778 3533 ibid.

409 3578 626 3656 2,590.
675 3576 888 3655 8,625.
980 3572 1206 3637 Horat.
1256 3571 1460 3637 Oarm.
1511 3573 1568 3635 2.
1632 3575 1729 3636 12.
1780 3575 1881 3637 27.
1956 3572 2143 3639 Ovid.
2213 3573 2362 3638 Ars.
2432 3594 2552 3639 am.
2631 3577 2783 3638 721.

409 3680 731 3745 translate
792 3699 868 3745 ea
927 3698 1083 3745 usus
1145 3683 1245 3744 est
1305 3678 1598 3745 Velleius
1655 3682 1713 3743 2.
1793 3683 1915 3744 103
1932 3685 1992 3763 ,5
2064 3684 2207 3745 tum
2278 3678 2542 3746 refulsit
2603 3685 2783 3747 certa

415 3806 533 3869 spe
549 3805 581 3852 s
675 3788 1025 3852 liberorum
1071 3785 1469 3865 parentibus,

635 3890 937 3976 Releyare
981 3898 1083 3958 est
1123 3893 1442 3958 translate
1482 3893 1835 3976 assignare,
1870 3894 2245 3959 attribuere.
2279 3894 2516 3959 Tibull.
2572 3896 2624 3958 1.
2673 3892 2778 3976 6,5

416 4002 537 4067 illa
600 3999 859 4081 quidem
916 3998 1188 4064 ornandi
1246 4018 1476 4065 causas
1532 4000 1658 4064 tibi
1720 4000 1873 4066 diva
1925 4001 2194 4083 relegat.
2251 4000 2418 4067 Vell.
2480 4002 2535 4065 1.
2592 4000 2781 4082 44,2.

417 4111 476 4173 2.
526 4109 677 4192 64,2
727 4106 1040 4172 invidiam
1088 4106 1381 4187 relegare
1426 4106 1497 4170 in
1544 4106 1735 4187 alqm.

631 4212 952 4279 Reluctari
998 4218 1099 4277 est
1142 4213 1465 4295 resistere,
1513 4231 1896 4295 repugnare.
1988 4213 2186 4295 Verg.
2231 4211 2469 4295 Georg.
2517 4218 2575 4280 4.
2627 4217 2708 4277 30
2722 4213 2779 4278 1.

414 4323 582 4389 Vell.
632 4324 688 4386 2.
742 4322 931 4404 102,3
988 4319 1219 4385 deinde
1247 4320 1608 4385 reluctatus
1637 4319 2013 4402 invitusque
2040 4324 2375 4386 revertens
2406 4319 2476 4384 in
2520 4318 2782 4385 Italiam

416 4430 640 4495 morbo
685 4427 863 4493 obiit.
