3096 5091
273 721 591 797 peratore
613 717 927 783 vixerunt
949 722 1066 783 aut
1088 718 1264 799 apud
1289 718 1589 784 Tacitum
1636 718 1931 800 aliosque
1975 720 2359 802 posterioris
2405 723 2650 798 aetatis

273 823 653 918 scriptores.
701 821 810 907 (cf.
854 824 1168 907 Draeger.
1215 825 1366 890 hist.
1413 825 1667 906 syntax
1710 826 2031 907 praefatio
2076 847 2138 907 p.
2183 826 2428 914 XVH.)

500 948 785 1013 Pravam
845 967 1004 1015 vero
1064 950 1241 1016 illius
1305 951 1544 1016 aetatis
1607 951 2140 1017 consuetudinem
2187 953 2646 1035 cognoscimus

276 1071 363 1118 ex
425 1054 572 1135 ipsa
629 1055 1062 1122 declinatione
1106 1076 1337 1123 vocum
1385 1075 1799 1140 graecarum3
1846 1077 1997 1122 nam
2039 1077 2183 1124 cum
2230 1059 2480 1140 priores
2530 1078 2650 1125 eas

271 1160 666 1240 plerumque
736 1180 944 1244 aeque
1016 1183 1094 1229 ac
1163 1164 1408 1230 latinae
1477 1165 1742 1247 linguae
1811 1167 2013 1232 verba
2086 1165 2440 1247 flecterent,
2501 1171 2647 1231 tum

275 1265 683 1332 Graecorum
716 1287 892 1336 more
917 1270 1431 1354 declinabantur,
1455 1272 1525 1336 id
1557 1272 1726 1352 quod
1760 1273 1973 1338 elucet
2020 1291 2101 1337 ex
2147 1273 2248 1337 his
2296 1272 2644 1351 exemplis:

512 1390 958 1474 Agamemnon
1002 1400 1207 1480 1..1,2.
1254 1396 1609 1462 Alcmaeon
1641 1403 1692 1462 1.
1721 1402 1845 1479 8,3.
1895 1399 2089 1479 (apud
2143 1399 2268 1464 Cic.
2292 1399 2452 1463 haec
2497 1416 2645 1462 ver-

275 1498 364 1562 ba
415 1504 659 1564 exeunt
704 1500 772 1564 in
828 1522 863 1566 o
888 1502 1208 1567 vocalem:
1259 1502 1682 1588 Aqammnno.)
1742 1504 1902 1570 Gen.
1943 1504 2350 1570 Hermiones,
2405 1506 2644 1586 1.“1,3.

272 1605 605 1685 Eupolide
652 1607 777 1672 abl
825 1609 907 1672 ab
954 1609 1225 1690 Eupolis
1278 1615 1528 1692 1.16,3.
1577 1610 1733 1696 (Cic.
1780 1613 1968 1677 Brut.
2017 1616 2181 1694 9,38.
2231 1617 2299 1675 et
2369 1611 2451 1675 ad
2496 1612 2643 1676 Att.

280 1714 385 1776 12.
415 1716 538 1794 6,3.
586 1714 848 1794 scripsit
893 1716 1186 1798 Eupolis,
1233 1716 1337 1799 is.)
1391 1723 1446 1781 1.
1474 1720 1597 1800 6,2.
1647 1717 2088 1783 Semiramide.

495 1820 878 1887 Accusativi
941 1821 1338 1887 Graecorum
1394 1841 1571 1888 more
1627 1822 1778 1888 flexi
1824 1828 2009 1889 sunt:
2065 1829 2117 1888 1.
2143 1827 2249 1905 4,1
2302 1823 2633 1890 Chalcida.

275 1925 561 2006 (priores
597 1927 1010 2012 Chalcidem.)
1042 1934 1095 1993 1.
1124 1934 1231 2012 6‚4
1262 1929 1450 1994 Dido.
1476 1930 1886 2010 (usitatiores
1911 1935 2106 1995 antea
2152 1936 2343 1995 erant
2387 1933 2639 1996 formae

272 2032 469 2112 Did0‚
528 2031 839 2116 DidoniS‚
868 2035 1249 2117 ,Didonem.)
1301 2039 1534 2118 1,10,1
1587 2037 1851 2101 Persen.

490 2139 618 2204 tria
641 2142 846 2205 verba
881 2161 1118 2225 graeca
1161 2143 1230 2207 in
1276 2142 1552 2211 latinam
1598 2142 1888 2225 linguam
1934 2142 2279 2208 transtulit
2323 2143 2637 2211 Velleiust

274 2245 591 2327 dynastes
641 2252 697 2311 2.
728 2251 898 2330 31,1.
946 2249 1332 2315 naumachia
1380 2256 1439 2315 2.
1466 2253 1636 2330 56,1.
1683 2251 2069 2315 tetrarches
2119 2253 2175 2314 2.
2204 2251 2373 2332 51,1.

491 2352 888 2420 Graecorum
911 2355 1178 2438 linguae
1199 2354 1551 2421 imitationi
1599 2375 1792 2436 porro
1839 2357 2226 2422 tribuendus
2274 2363 2375 2422 est
2423 2356 2638 2422 adiec-

268 2460 558 2525 tivorum
603 2462 713 2527 vel
742 2461 1235 2543 participiorum
1266 2482 1381 2544 pro
1423 2463 1857 2529 substantivis
1888 2463 2247 2544 positorum
2293 2481 2469 2528 usus.
2520 2461 2637 2547 (cf.

269 2568 742 2651 Naegelsbach.
811 2571 959 2635 Lat.
1030 2570 1173 2637 Stil.
1240 2569 1339 2655 §7
1350 2570 1434 2656 5.)
1513 2577 1782 2637 exstant
1855 2571 2032 2651 apud
2079 2557 2415 2635 Velleium
2462 2571 2627 2635 haec

271 2675 604 2742 adiectiva
628 2681 695 2741 et
740 2676 1091 2757 participia
1136 2678 1476 2743 masculini
1523 2679 1786 2761 generis
1834 2677 2155 2760 singulari
2204 2695 2471 2742 numero
2518 2695 2632 2756 po·

269 2782 430 2849 sita:
469 2781 724 2868 (omitto
757 2784 1106 2850 usitatiora
1137 2784 1254 2850 illa
1299 2790 1401 2851 ut:
1451 2786 1762 2868 aequalis,
1811 2786 2039 2866 bonuS,
2088 2783 2451 2866 familiaris,
2500 2783 2633 2864 pri-

265 2893 486 2973 vatuS,
550 2909 806 2973 parenS,
870 2891 1276 2973 candidatus,
1339 2890 1450 2973 al.)
1498 2891 1783 2975 humiliS,
1832 2877 2140 2957 humilior
2187 2893 2485 2973 2.126,3.
2531 2890 2634 2954 in-

274 2996 472 3062 ermis
519 3002 577 3061 2.
604 3001 774 3079 80,4.
804 3002 1100 3063 mortuus
1133 3004 1192 3063 2.
1219 3003 1388 3080 21,4.
1419 2998 1611 3065 vivus
1660 2999 1717 3063 2.
1743 3002 1915 3081 21,4.
1961 3002 2272 3078 expertus
2322 2999 2378 3061 2.
2410 3001 2622 3080 118,1.

272 3107 584 3169 evocatus
633 3111 689 3169 2.
718 3110 866 3186 70,2
915 3108 984 3170 et
1034 3110 1089 3170 3.
1136 3108 1367 3185 potens
1418 3107 1717 3187 2.126,3.
1764 3105 2056 3170 scribens
2104 3110 2161 3169 2.
2191 3108 2360 3187 41,1.
2406 3104 2621 3169 Parti-

270 3209 450 3291 ,cipia
484 3211 637 3276 Fut.
661 3211 808 3276 Act.
835 3215 1053 3277 autem
1077 3229 1427 3293 numquam
1476 3216 1673 3277 antea
1717 3211 1813 3277 ita
1861 3211 2152 3275 adhibita
2197 3211 2631 3276 inveniuntur

276 3314 384 3401 (cf.
446 3310 915 3399 Naegelsbach.
976 3318 1125 3384 Lat.
1187 3317 1351 3384 Stil:
1388 3338 1449 3399 p.
1500 3316 1612 3401 91)
1660 3317 1954 3384 Velleius
2002 3317 2170 3382 dixit
2218 3319 2494 3398 2.101,1
2547 3323 2627 3382 ut

272 3441 395 3489 nec
448 3424 866 3489 laudaturum
922 3444 1159 3507 magna
1223 3443 1342 3490 nec
1386 3425 1912 3505 vituperaturum
1959 3423 2300 3489 mediocris
2345 3422 2628 3488 materia

279 3530 556 3596 deficiat.

479 3636 825 3704 Adiectiva
870 3637 1019 3704 fem.
1068 3657 1213 3720 gen.
1260 3646 1443 3704 sunt:
2353 3709 2360 3717 ,

480 3745 739 3810 aemula
775 3748 830 3810 1.
859 3746 1025 3827 12,6.
1058 3751 1117 3811 2.
1149 3747 1269 3828 1,1.
1292 3746 1631 3811 continens
1684 3749 1738 3809 1.
1766 3750 1890 3827 3‚3.
1936 3748 2129 3826 pacta
2181 3748 2233 3808 1.
2273 3747 2393 3826 1,3.
2441 3750 2630 3827 toga·

266 3855 340 3916 ta
390 3856 445 3917 1.
473 3856 598 3934 9‚3.

477 3958 828 4025 Adiectiva
871 3959 1090 4024 neutri
1160 3959 1418 4042 generis
1481 3959 1646 4041 sing.
1715 3977 1888 4024 num.
1937 3957 2111 4037 apud
2160 3976 2381 4023 omnes
2422 3959 2630 4040 scrip·

264 4069 443 4132 tores
522 4064 881 4146 inveneris;
931 4063 1338 4149 (plerumque
1417 4084 1561 4131 cum
1620 4063 2212 4146 praepositionibus
2274 4065 2625 4130 coniuncta

264 4169 466 4255 sunt.)
506 4170 953 4251 frequentiora
975 4172 1127 4237 inde
1174 4190 1215 4236 a
1260 4171 1471 4237 Livio,
1517 4172 1693 4252 apud
1738 4171 2065 4237 Velleium
2114 4172 2374 4253 repperi
2418 4172 2582 4236 haec
2602 4195 2624 4235 ;

266 4281 299 4342 1
322 4328 336 4344 .
367 4281 514 4360 17,2
549 4277 904 4345 inventum.
930 4284 989 4345 2.
1017 4284 1166 4361 32,5
1191 4282 1471 4359 raptum.
1497 4284 1561 4344 2.
1586 4283 1754 4364 16,2.
1802 4280 1860 4341 2.
1888 4282 2042 4362 23,4
2084 4296 2333 4344 verum.
2383 4283 2439 4341 2.
2468 4282 2616 4359 68,1

256 4385 707 4467 praeteritum.
761 4389 813 4450 1.
841 4388 969 4469 8,2.
1039 4388 1098 4450 2.
1129 4388 1338 4468 123,1.
1371 4385 1694 4452 ludicrum
1727 4387 1978 4467 1.10,1.
2006 4391 2062 4449 2.
2092 4390 2260 4467 68,3.
2284 4384 2622 4464 inceptum

252 4495 318 4562 2.
353 4496 459 4577 3‚4
505 4496 772 4558 rectum.
863 4510 1009 4558 cum
1039 4492 1631 4574 praepositionibus
1679 4491 2025 4557 coniuncta
2071 4495 2338 4558 exstant
2381 4492 2569 4555 haec:
