3096 5091
1285 495 1641 555 ..31-

493 685 1044 751 Auctoramentum
1068 689 1126 748 2.
1162 690 1331 765 28,3.
1381 691 1439 750 2.
1472 692 1641 770 66,3.
1689 687 1930 753 dicitur
1972 689 2317 769 speciatim
2346 691 2425 756 de
2472 711 2649 757 mer-

276 794 449 875 cede,
485 811 658 873 quae
691 792 971 857 dabatur
1016 792 1492 873 gladiatoribus
1539 795 1625 859 ad
1671 795 2002 860 faciendos
2050 796 2237 862 ludos
2284 798 2642 879 conductis

273 900 575 966 Velleius
593 900 922 979 ceterique
938 900 1323 966 recentioris
1336 902 1554 966 aetatis
1572 903 1923 982 scriptores
1940 923 2055 985 pro
2073 922 2455 985 quocunque
2472 923 2640 969 com-

274 1007 461 1072 modo
528 1014 647 1071 aut
701 1007 988 1087 praemio
1049 1008 1173 1072 hac
1234 1027 1394 1074 voce
1441 1013 1739 1074 utuntur.
1788 1015 1845 1074 2.
1874 1013 2022 1090 28,3
2072 1011 2140 1074 in
2188 1029 2317 1091 qua
2365 1011 2644 1077 civitate

272 1114 640 1195 petulantis
703 1113 978 1178 convicii
1041 1114 1353 1187 iudicium
1420 1115 1726 1180 histrioni
1772 1135 1854 1181 ex
1900 1118 2050 1182 albo
2098 1117 2397 1182 redditur
2442 1118 2510 1182 in
2558 1128 2646 1183 ea.

271 1221 560 1303 iugulati
609 1220 772 1285 civis
831 1220 1110 1285 Romani
1156 1222 1415 1301 publice
1485 1223 2014 1288 constituebatur
2059 1229 2637 1289 auctoramentum.

487 1361 790 1444 Censura,
866 1353 1039 1443 quod
1113 1364 1374 1444 proprie
1446 1372 1547 1428 est
1617 1384 1854 1430 munus
1926 1385 2265 1431 censorum
2330 1366 2438 1450 (cf.
2503 1368 2638 1433 Cic.

268 1471 530 1536 Invent.
601 1473 783 1535 1.30.
847 1470 1033 1536 Ovid.
1094 1471 1275 1536 Fast.
1328 1477 1382 1536 6.
1412 1477 1558 1536 647.
1606 1491 1804 1553 agere
1853 1472 2242 1557 censuram.)
2291 1493 2329 1538 a
2376 1475 2643 1540 Velleio

270 1579 596 1642 translate
640 1577 881 1643 dicitur
909 1596 1026 1658 pro
1074 1578 1332 1643 iudicio.
1357 1579 1656 1644 examine
1704 1586 1760 1645 2.
1791 1583 1938 1662 36,3
1988 1581 2283 1646 vivorum
2333 1585 2406 1644 ut
2453 1599 2635 1659 mag-

268 1701 352 1747 na
383 1683 734 1748 admiratio
767 1683 864 1748 ita
896 1704 1173 1750 censura
1205 1686 1487 1751 difficilis
1521 1691 1644 1752 est.
1692 1687 1914 1751 eodem
1945 1705 2142 1751 sensu
2187 1692 2409 1750 exstat
2457 1687 2638 1766 apud

267 1788 428 1855 Gell.
494 1796 644 1873 12,2
700 1791 915 1856 facere
973 1811 1313 1857 censuram
1376 1794 1456 1858 de
1501 1792 1767 1875 ingenio
1815 1801 1882 1858 et
1928 1788 2193 1874 scriptis
2241 1793 2416 1875 alcjs.
2462 1794 2639 1860 Plin.

277 1902 373 1961 14.
407 1903 583 1975 8,10.

481 2020 860 2105 Confinium,
911 2023 1081 2102 quod
1127 2023 1302 2103 apud
1350 2021 1726 2092 Ciceronem
1772 2026 1875 2087 est
1919 2023 2069 2088 finis
2118 2026 2256 2091 sive
2301 2027 2631 2092 terminus-

266 2128 548 2208 plurium
626 2147 928 2210 agrorum
978 2130 1352 2211 communis,
1427 2130 1751 2195 translate
1816 2130 2057 2195 dicitur
2112 2151 2152 2195 a
2210 2133 2462 2198 Velleio
2549 2134 2631 2200 de

267 2236 560 2313 qualibet
639 2237 999 2302 vicinitate.
1073 2243 1129 2302 2.
1173 2241 1361 2316 124,1
1426 2237 1495 2301 in
1559 2254 1754 2316 quam
1811 2242 1955 2301 arto
2014 2239 2247 2302 salutis
2309 2240 2634 2320 exitiique

265 2340 582 2409 fuerimus
631 2344 937 2427 confiniO.
976 2362 1187 2424 neque
1234 2344 1395 2408 mihi
1444 2343 1806 2424 exprimere
1854 2350 2066 2426 vacat,
2115 2363 2237 2409 nec
2283 2350 2401 2411 etc.

478 2467 784 2549 Confusio
846 2468 1168 2533 translate
1243 2468 1524 2532 sumitur
1595 2485 1712 2547 pro
1783 2469 2279 2548 perturbatione
2337 2475 2618 2556 2.124,1

265 2595 425 2667 quae
483 2584 755 2641 senatus
818 2576 1193 2657 trepidati0‚
1258 2595 1421 2656 quae
1476 2576 1701 2656 populi
1748 2576 2067 2640 contusio!
2128 2576 2281 2640 inde
2341 2580 2634 2657 saepius-

266 2681 341 2745 cf.
391 2683 544 2747 Tac.
594 2684 744 2748 hist.
795 2687 946 2764 3‚38
994 2683 1160 2747 Plin.
1208 2684 1451 2763 Paneg.
1499 2688 1602 2747 86.

477 2804 872 2890 Contemptus
929 2806 1194 2888 ponitur
1255 2825 1295 2870 a
1342 2806 1669 2886 prioribus
1693 2799 1961 2885 passiva
2005 2807 2279 2870 ratione.
2330 2807 2626 2884 (Lucret.

267 2916 319 2975 3.
347 2919 447 2977 65.
482 2913 675 2979 ovid.
721 2914 874 2978 Met.
924 2922 981 2977 8.
1010 2919 1162 2978 859.
1190 2913 1351 2978 Caes,
1398 2914 1471 2978 B.
1521 2913 1597 2979 G.
1648 2920 1706 2978 2.
1734 2913 1868 2997 30.)
1916 2914 2136 2978 activa
2182 2918 2399 2977 exstat
2445 2915 2632 2993 apud

261 3018 421 3084 Vell.
495 3027 554 3085 2.
583 3025 683 3085 60.
714 3027 749 3085 3
824 3038 1035 3099 neque
1104 3021 1161 3085 is
1226 3025 1369 3085 erat
1417 3024 1828 3100 contemptus
1889 3020 2000 3085 sed
2046 3025 2270 3084 metus,
2341 3019 2418 3084 cf.
2466 3021 2628 3085 Tac.

269 3124 501 3208 dialog.
553 3134 656 3193 29.
705 3133 1118 3208 contemptus
1167 3127 1268 3191 sui
1317 3127 1660 3206 alienique,
1829 3113 1830 3116 ¹

469 3250 750 3336 Diyestio
781 3258 968 3317 actus
1003 3251 1360 3332 digerendi,
1389 3250 1782 3315 dist-ributio,
1839 3250 2002 3314 Vell.
2052 3256 2109 3315 2.
2138 3252 2288 3330 53,4
2336 3248 2629 3329 digestio

266 3372 598 3423 annorum.
662 3360 881 3425 Cicero
931 3364 1090 3422 orat.
1157 3360 1213 3422 3.
1257 3360 1357 3421 53.
1407 3357 1489 3421 ad
1534 3355 1648 3420 fin.
1698 3364 1998 3434 numerat
2044 3356 2472 3437 digestionem
2520 3355 2619 3419 in-

267 3465 365 3525 ter
424 3464 670 3547 figuras
734 3465 1098 3531 rhetoricas
1160 3468 1230 3529 et
1290 3464 1551 3529 videtur
1610 3462 1998 3542 intellegere
2058 3463 2479 3543 partitionem
2545 3468 2630 3526 et.

270 3566 811 3637 distributionem.
885 3572 1163 3653 digestio
1227 3576 1570 3651 praeterea
1616 3574 1718 3634 est
1766 3568 1894 3633 cibi
1944 3568 2321 3633 distributio
2372 3573 2628 3632 stoma-

264 3675 372 3739 cho
418 3679 677 3759 excepti
722 3679 790 3743 in
837 3696 1042 3743 venas
1078 3672 1159 3743 'et
1203 3679 1492 3742 membra
1538 3675 1844 3755 corporis.

463 3800 770 3866 Excessus
831 3801 1004 3883 apud
1064 3800 1190 3866 Cic.
1275 3800 1721 3865 tantummodo
1780 3799 1857 3864 de
1919 3803 2129 3864 morte
2192 3802 2588 3879 usurpatur,

264 3908 427 3985 apud
481 3910 800 3976 Velleium
850 3914 917 3974 et
964 3907 1358 3988 posteriores
1406 3913 1507 3973 est
1554 3911 1741 3971 actus
1788 3904 2158 3971 excedendi.
2211 3908 2441 3987 1.15,1
2493 3921 2613 3966 ne·-

264 4028 377 4089 que
430 4015 582 4081 dum
653 4016 987 4081 Hannibal
1050 4014 1118 4078 in
1179 4015 1381 4079 Italia
1443 4018 1754 4092 moratur,
1811 4030 2024 4091 neque
2081 4009 2393 4091 proximis
2449 4013 2611 4087 post

268 4133 590 4188 excessum
637 4124 776 4189 eius
823 4122 1012 4187 annis
1060 4126 1178 4187 etc.

461 4244 812 4328 Fastiyium
866 4245 1124 4327 proprie
1172 4250 1274 4310 est
1319 4205 1660 4329 cacumen3¹
1709 4244 1789 4309 cf.
1839 4243 1964 4320 Cic.
2012 4244 2171 4306 orat.
2224 4245 2278 4304 3.
2305 4242 2387 4302 46
2438 4237 2619 4316 capi-

265 4348 408 4416 tolii
436 4352 786 4435 lastigium.
816 4351 1113 4418 Velleius
1145 4352 1471 4417 translate
1518 4351 1723 4416 sumit
1767 4348 2105 4430 fastigium
2158 4344 2237 4408 de
2286 4342 2613 4424 dignitate

267 4452 510 4539 altoque
563 4460 867 4525 fortunae
929 4463 1128 4524 statU.
1183 4463 1240 4523 1.
1269 4461 1416 4540 11‚6
1486 4455 1850 4537 principale
1894 4454 1962 4518 in
2010 4471 2082 4517 re
2112 4449 2374 4548 publica
2421 4447 2619 4513 fasti-
