3096 5091
1320 487 1675 545 -6-

467 662 833 747 ’Omnium
843 648 1087 766 {asaf-em
1133 677 1475 743 civitatum
1521 676 1836 757 exemplis
1859 676 2022 741 satis
2045 677 2379 757 probatur,
2428 676 2669 740 artium

318 743 547 869 studia
560 786 1040 899 vifferedibera,
1080 782 1186 851 re·-
1197 786 1476 867 publica,
1516 784 1735 865 jacere
1784 783 2085 847 libertate
2132 790 2374 863 erepta.
2422 783 2668 863 itaque,

213 856 524 988 §njffia'ilss
519 869 663 967 ξύ.
674 892 982 972 publiea:-
964 884 1073 957 ·et‘·
1096 892 1179 955 in
1239 892 1525 956 moribus
1571 892 2011 957 Romanorum
2056 889 2220 954 nihil
2267 890 2479 954 inerat
2524 890 2669 954 sani

320 1008 519 1081 atque
574 999 849 1079 robusti,
909 999 1005 1062 ita
1051 999 1119 1061 in
1166 998 1377 1062 literis
1424 1016 1678 1077 quoque
1726 997 2030 1061 sanitatis
2078 997 2189 1063 ille
2235 996 2429 1077 color,
2479 1015 2670 1076 quem

329 1107 396 1171 in
447 1106 771 1186 prioribus
819 1104 1235 1179 admiramur,
1286 1103 1600 1184 paulatim
1648 1109 2025 1169 evanuerat.
2072 1104 2257 1168 venit
2305 1102 2461 1167 mihi
2509 1104 2673 1168 illud

312 1213 577 1278 Solonis
607 1213 675 1275 in
705 1217 1016 1276 mentem:
1081 1204 1115 1271 ὁ
1171 1205 1361 1288 λόγος
1407 1205 1681 1273 εἴδωλόν
1728 1206 1861 1273 ἐστι
1929 1213 2057 1272 τῶν
2091 1206 2326 1293 ἔργων,
2362 1218 2431 1275 31
2453 1211 2672 1275 Ρ1310-

321 1321 451 1384 nis:
517 1326 650 1389 οῖος
697 1311 731 1379 o‘
765 1313 954 1396 λόγος
986 1318 1281 1388 τοιοῦτος
1327 1311 1360 1378 ὁ
1408 1312 1671 1400 τρόπος.
1755 1336 1919 1397 quae
1966 1318 2024 1382 Si
2070 1336 2227 1382 Vera
2274 1318 2447 1382 dicta
2496 1324 2670 1398 sunt,

321 1428 596 1507 linguae
611 1426 899 1491 latinae
881 1426 1196 1506 lmprimis
1228 1425 1407 1489 illam
1440 1430 1802 1505 temporum
1836 1425 2249 1504 iniquitatem
2284 1424 2672 1490 detrimento

314 1552 467 1600 esse
528 1551 793 1597 necesse
852 1540 1010 1597 erat.
1075 1550 1152 1596 ac
1199 1550 1269 1596 re
1317 1551 1476 1596 vera
1522 1532 1779 1595 laborat
1826 1538 2142 1612 argentea
2187 1531 2301 1595 illa
2349 1537 2531 1595 aetas
2580 1531 2673 1594 vi-

321 1642 493 1704 tiosa
525 1646 592 1704 et
622 1644 929 1718 corrupta
959 1639 1266 1720 loquendi
1300 1638 1767 1703 consuetudine
1799 1645 1864 1703 et
1889 1640 1945 1703 si
1979 1638 2389 1718 requirimus,
2439 1621 2673 1717 quibus

323 1749 392 1811 in
454 1748 648 1811 rebus
705 1749 784 1810 ab
834 1746 1212 1827 incorrupta
1276 1745 1464 1810 latini
1512 1745 1828 1810 sermonis
1896 1746 2278 1826 integritate
2325 1746 2676 1809 abhorreat

314 1858 392 1918 et
448 1852 684 1933 quibus
736 1853 1142 1933 potissimum
1206 1853 1463 1917 laborat
1523 1852 1723 1936 vitiis,
1771 1853 1901 1916 tria
1947 1853 2261 1934 imprimis
2307 1852 2675 1916 invenimus

325 1978 491 2041 quae
539 1959 664 2040 ipsi
698 1978 965 2040 ,quoque
1020 1959 1347 2040 aequales,
1397 1977 1543 2022 cnm
1593 1959 1853 2023 minime
1900 1978 2009 2024 eos
2055 1959 2430 2040 effugerent,
2459 1975 2675 2083 repre-

327 2067 712 2132 henderunt

539 2192 638 2256 Ac
684 2191 962 2272 p1imum
1026 2190 1305 2271 quidem,
1365 2210 1506 2256 cum
1559 2191 1928 2270 quicunque
1974 2191 2176 2255 libros
2225 2190 2676 2271 componebat,

325 2296 702 2379 ingeniosus
742 2298 969 2363 haberi
1001 2302 1071 2362 et
1104 2303 1340 2362 ornatu
1371 2299 1721 2364 verborum
1753 2299 2143 2380 languentes
2177 2297 2680 2374 fastidiososque

317 2405 577 2469 [animos
641 2405 1007 2485 aequalium
1071 2404 1194 2469 sibi
1246 2405 1594 2469 conciliare
1640 2405 1873 2486 vellet,
1946 2405 2194 2485 species
2243 2403 2556 2485 quaedam
2604 2420 2682 2466 ac

328 2530 561 2593 pompa
649 2510 1107 2595 adhibebatur,
1180 2511 1387 2577 oratio
1451 2518 1672 2578 autem
1744 2512 2122 2594 saepissime
2192 2511 2682 2585 obscurabatur,

318 2618 600 2701 accedit,
649 2637 794 2683 cum
842 2637 1062 2684 omnes
1109 2619 1328 2684 verbis
1375 2619 1719 2698 exquisitis
1767 2620 2128 2703 studerent,
2177 2620 2377 2683 nimia
2425 2619 2540 2682 illa
2587 2617 2684 2680 in-

220 2705 235 2722 ·
326 2725 507 2791 soliti
539 2726 933 2790 consectatio
967 2731 1034 2788 et
1071 2740 1410 2806 poetarum
1443 2726 1742 2810 imitatio,
1793 2727 2029 2808 quibus
2077 2726 2357 2791 maxime
2409 2725 2684 2791 delecta-

331 2834 587 2897 bantur.
621 2831 792 2912 quod
823 2832 1053 2896 vitium
1104 2831 1548 2914 Quintilianus
1596 2852 1851 2915 quoque
1883 2834 2407 2915 sapientissimus
2453 2832 2683 2897 talium

327 2957 546 3004 rerum
602 2938 1034 3021 existimator,
1097 2939 1468 3022 vituperat:
1562 2940 1670 3007 lib.
1706 2941 1890 3006 VIII.
1937 2926 2236 3006 Prooem(
2275 2947 2377 3006 24.
2472 2938 2687 3023 „Nam

322 3051 418 3109 est
478 3043 638 3129 quod
679 3050 834 3108 recte
878 3042 1006 3108 dici
1044 3052 1259 3128 potest,
1304 3048 1700 3112 circumimus
1745 3067 1949 3111 amore
1992 3047 2351 3112 verborum.-
2397 3054 2481 3125 et,
2527 3044 2687 3131 quod

330 3171 454 3217 uuo
515 3150 688 3216 verbo
737 3157 941 3235 patet,
994 3151 1288 3235 pluribus
1332 3173 1696 3219 oneramus:
1740 3161 1813 3238 et,
1865 3154 2030 3239 quod
2074 3157 2231 3219 satis
2278 3155 2514 3220 dictum
2559 3159 2646 3217 est
2664 3201 2686 3233 ,

324 3259 690 3342 repetimus:
749 3264 804 3323 et
863 3259 1157 3343 pleraque
1200 3261 1555 3345 siquificare
1609 3263 1828 3326 melius
1863 3267 2198 3346 putamus,
2244 3281 2429 3346 quam
2475 3260 2689 3324 dicere.

337 3365 533 3449 quid?
609 3364 771 3449 quod
814 3365 974 3430 nihil
1041 3367 1170 3429 iam
1212 3368 1550 3451 proprium
1614 3368 1840 3451 placet,
1910 3367 2062 3433 dum
2128 3390 2355 3453 parum
2415 3366 2692 3432 creditur

334 3470 671 3552 disertum,
714 3471 876 3557 quod
899 3477 954 3536 et
984 3473 1152 3536 alius
1197 3471 1453 3537 dixisset
1470 3474 1505 3538 ‚9
1527 3495 1571 3538 a
1615 3476 2080 3559 corruptissimo
2111 3496 2340 3561 quoque
2361 3482 2690 3560 poetarum

322 3578 580 3663 fiyuras
644 3598 753 3643 seu
797 3580 1233 3645 translationes
1277 3587 1664 3658 mutuamur,
1709 3588 1843 3645 tum
1888 3581 2133 3646 demum
2177 3582 2485 3666 inqeniosi
2526 3581 2689 3646 scili-

328 3691 444 3766 cet,
501 3687 559 3749 si
618 3686 702 3750 ad
762 3685 1190 3770 intelleyemloe
1243 3707 1354 3752 uos
1419 3709 1568 3771 opus
1629 3690 1711 3752 sit
1755 3690 2061 3773 inqeni0.“
2108 3710 2237 3770 qua
2284 3691 2354 3755 in
2396 3708 2471 3755 re
2514 3690 2690 3755 haud

334 3793 523 3874 parvi
552 3794 860 3857 momenti
883 3794 1215 3860 rhetorum
1246 3796 1512 3861 scholae
1541 3796 2095 3877 recitationesque
2127 3804 2335 3863 erant.
2365 3803 2692 3863 summota

334 3899 511 3965 enim
557 3898 895 3965 occasione
940 3900 1037 3965 rei
1084 3902 1383 3981 publicae
1429 3903 1864 3969 moderandae
1910 3904 2167 3970 dicendi
2213 3904 2302 3986 vi,
2372 3902 2516 3969 fieri
2562 3921 2694 3967 non

335 4010 616 4088 poterat,
659 4006 813 4085 quin
839 4006 1210 4086 eloquentia
1238 4009 1659 4074 vanissimam
1690 4010 1758 4074 in
1796 4012 2298 4076 ostentationem
2330 4030 2402 4077 se
2428 4027 2693 4075 conver-

337 4117 510 4178 teret
540 4118 609 4178 et
659 4113 939 4179 Romani
985 4132 1115 4179 non
1160 4119 1296 4179 tam
1342 4134 1542 4182 verae
1590 4117 1995 4183 declamandi
2040 4118 2280 4183 rationi
2327 4118 2692 4197 studerent,

341 4238 536 4299 quam
568 4239 607 4285 a
653 4220 930 4301 simplici
977 4227 1046 4285 31
1092 4221 1320 4286 subtili
1369 4222 1628 4288 dicendi
1674 4242 1916 4305 genere
1961 4226 2345 4308 abalienati,
2398 4224 2695 4290 oratione

331 4327 542 4393 altius
583 4333 983 4409 exaggerata
1031 4334 1393 4410 uterentur,
1443 4329 1512 4393 id
1558 4329 1729 4409 quod
1776 4349 1851 4396 eo
1901 4331 2108 4413 magis
2155 4331 2239 4396 ad
2284 4348 2695 4411 corrumpen-

345 4434 488 4498 dam
537 4434 830 4516 linguam
879 4433 1151 4498 latinam
1197 4435 1428 4518 valuit,
1503 4435 1675 4515 quod
1721 4455 1906 4502 nemo
1956 4456 2163 4518 neque
2189 4438 2438 4503 doctus
2486 4454 2697 4516 neque
