3096 5091
1291 518 1645 579 ...59-

467 710 828 776 adventare
854 715 913 775 2.
940 712 1109 792 59,6.
1136 707 1441 773 affectare
1467 713 1524 772 2.
1555 714 1658 790 39,
1675 712 1721 773 l.
1748 710 2070 774 assentari
2097 713 2154 775 2.
2180 715 2352 793 48‚1.
2379 716 2645 790 captare

272 823 547 900 52.5Ο,3.
596 820 899 899 2.129,1.
947 816 1282 881 clamitare
1331 821 1388 881 2.
1415 820 1587 897 85,4.
1637 816 2005 881 consultare
2038 823 2097 900 2,
2128 820 2296 900 24,5.
2344 816 2646 882 dictitare

287 930 549 1006 2.27,2.
630 931 685 990 2.
713 927 886 1008 57,1.
965 926 1223 1005 2.5e‚2.
1302 925 1360 987 2.
1397 925 1566 1005 60,2.
1644 922 1934 988 indicare
2012 926 2265 1006 2.61,3.
2344 903 2680 1006 2.102,1.‘

271 1035 351 1097 12,
382 1036 594 1113 118‚4.
641 1035 969 1097 ostentare
1023 1033 1075 1094 1.
1107 1033 1227 1106 4,2.
1293 1035 1528 1112 2.1.8,2
1575 1029 1926 1110 pollicitari
1975 1033 2228 1113 2.11,2.
2276 1029 2647 1112 quaeritare

299 1142 351 1205 1.
376 1143 506 1221 4,3.
553 1156 901 1218 repensare
949 1143 1007 1202 2.
1036 1142 1204 1220 12,5.
1253 1139 1310 1202 2.
1339 1142 1492 1220 21,4
1541 1134 1650 1221 (ci.
1681 1156 1743 1217 p.
1773 1139 1880 1217 30)
1927 1143 2297 1216 respectare
2346 1140 2405 1202 2.
2433 1140 2644 1219 107,2.

266 1250 672 1311 sustentare
720 1251 777 1310 2.
806 1250 930 1327 6,6.
980 1247 1036 1309 2.
1068 1246 1277 1325 104,2.
1326 1246 1627 1327 2.114,1.
1673 1243 2016 1309 venditare
2052 1246 2108 1310 2.
2137 1249 2304 1326 63,3.
2350 1245 2644 1311 vocitare

299 1359 353 1418 1.
384 1358 508 1435 3,1.

510 1458 709 1523 Aliud
755 1462 858 1523 est
902 1457 1075 1538 quod
1121 1462 1438 1540 argentea
1484 1462 1704 1523 aetate
1749 1458 2220 1523 adiectivorum
2268 1457 2648 1523 exeuntium

286 1566 362 1630 in
410 1562 548 1628 bilis
617 1566 905 1647 syllabas
962 1583 1270 1630 numerus
1339 1565 1564 1630 multis
1610 1568 1911 1648 augetur,
1984 1583 2151 1645 quae
2222 1582 2304 1629 ex
2350 1582 2648 1629 sermone

291 1672 545 1753 plebeio
612 1677 876 1752 recepta
922 1676 1093 1737 sunt.
1166 1670 1274 1756 (cf.
1320 1672 1636 1754 Rebling:
1709 1671 2239 1737 Charakteristik
2307 1670 2425 1736 der
2490 1676 2645 1736 rom.

283 1777 953 1863 Umgangssprache).
1002 1779 1178 1860 apud
1229 1779 1552 1845 Velleium
1621 1779 1898 1859 primum
1958 1784 2178 1843 exstat
2247 1776 2638 1842 inimitabilis

286 1892 356 1953 2.
384 1889 555 1970 97,3.
603 1885 736 1950 alia
783 1904 949 1966 quae
995 1885 1148 1950 inde
1192 1904 1232 1949 a
1278 1885 1469 1951 Livio
1516 1887 1586 1950 in
1664 1904 1788 1951 usu
1833 1890 2185 1952 versantur
2252 1886 2414 1949 haec
2460 1890 2647 1950 sunt:

281 1992 820 2060 commendabilis
849 1996 907 2057 2.
935 1998 1062 2075 9,6.
1088 1993 1658 2073 inexsuperabilis.
1693 1999 1749 2058 2.
1779 1998 1948 2076 32,4.
1976 1991 2378 2058 favorabilis.
2400 1999 2456 2057 2.
2490 1996 2643 2074 34,2

284 2123 351 2185 2.
376 2125 547 2201 40,2.
596 2117 1089 2183 innumerabilis
1141 2123 1195 2182 2.
1222 2122 1392 2197 46,1.

503 2225 707 2288 Porro
756 2241 837 2287 ex
901 2222 1204 2288 familiari
1274 2242 1570 2288 sermone
1617 2222 1951 2287 ducendus
2021 2227 2123 2288 est
2193 2223 2469 2289 ablativi
2525 2241 2644 2303 pro

262 2330 667 2395 „accusativo
757 2346 915 2394 usus
994 2329 1073 2393 ad
1157 2330 1470 2409 temporis
1551 2328 2051 2394 diuturnitatem
2131 2329 2644 2412 significandam.

297 2442 355 2500 1.
386 2438 489 2518 1,4
534 2455 811 2518 regnare
858 2436 1156 2501 triennio.
1247 2440 1296 2500 1.
1327 2442 1427 2519 6,1
1494 2436 1838 2517 imperium
1886 2436 2179 2501 obtinere
2226 2418 2419 2501 annis
2467 2438 2646 2502 mille

278 2543 730 2626 septuaginta.
783 2548 837 2607 1.
866 2544 989 2625 7,3.
1040 2549 1096 2607 2.
1123 2548 1294 2627 44,5.
1344 2547 1643 2627 2.102,5.
1692 2547 1970 2623 2.114,3
2021 2543 2301 2624 saepius.

504 2669 670 2733 Tum
740 2667 1025 2750 Rebling
1086 2666 1176 2752 (p.
1229 2674 1308 2733 12
1381 2673 1448 2734 et
1500 2672 1605 2749 13)
1677 2668 1982 2750 gerundii
2051 2687 2241 2733 usum
2311 2668 2644 2750 participii

284 2778 407 2838 aut
453 2774 820 2864 sententiae
864 2775 1024 2857 loco,
1074 2794 1239 2855 quae
1297 2775 1736 2840 enuntiationi
1784 2775 2092 2840 adiuncta
2166 2781 2268 2841 est
2334 2777 2490 2841 item
2563 2794 2644 2840 ex

264 2897 586 2946 „sermone
659 2881 925 2964 vulgari
1002 2885 1217 2947 ortum
1286 2901 1463 2966 esse,
1544 2882 1897 2947 confirmat.
1977 2881 2084 2967 (ci.
2147 2883 2642 2949 Winkelmann:

286 2980 699 3052 Jahrbiicher
744 2986 854 3053 fiir
878 2988 1065 3053 class.
1082 2988 1467 3070 Philologie.
1495 2989 1820 3069 Supplem.
1869 2988 1986 3052 Bd.
2034 2989 2121 3053 H.
2159 2992 2349 3054 1833.
2395 3009 2437 3070 p
2467 2987 2644 3074 504.)

297 3096 488 3175 2.1,5
575 3093 689 3159 sed
771 3095 1149 3175 Pompeium
1226 3095 1445 3177 gratia
1510 3094 1902 3175 impunitum
1969 3095 2221 3177 habuit,
2271 3096 2644 3162 Mancinum

296 3200 694 3266 verecundia
718 3219 991 3280 poenam
1037 3220 1165 3267 non
1192 3202 1552 3267 recusando
1578 3202 1887 3283 perduxit
1909 3203 2054 3286 huc,
2106 3208 2179 3267 ut
2212 3209 2332 3268 etc.
2359 3209 2416 3268 2.
2451 3209 2644 3287 12Ο,3

297 3308 373 3372 L.
419 3306 719 3387 Aprenas
792 3308 1148 3374 exercitum
1217 3308 1568 3374 immunem
1644 3314 1834 3375 tanta
1911 3310 2287 3375 calamitate
2356 3310 2648 3377 servavit

294 3419 681 3494 matureque
727 3415 809 3479 ad
856 3415 1169 3481 inferiora
1200 3417 1473 3481 hiberna
1519 3416 1964 3482 descendendo
1998 3417 2446 3483 vacillantium
2494 3436 2648 3499 gen-

298 3520 467 3584 tium
513 3521 762 3586 animos
810 3522 1233 3588 confirmavit.

513 3626 742 3709 Aeque
789 3628 1104 3694 sermonis
1149 3630 1362 3710 plebei
1407 3630 1741 3716 proprium
1789 3635 1919 3714 est,
1969 3631 2140 3711 quod
2185 3634 2387 3698 verba
2432 3633 2653 3699 activa

298 3751 418 3814 pro
466 3733 940 3815 deponentibus
965 3741 1033 3801 et
1057 3736 1450 3818 deponentia
1494 3756 1613 3818 pro
1638 3739 1873 3803 activis
1897 3743 2187 3819 usurpat3
2222 3737 2336 3821 (cf.
2369 3740 2655 3822 Rebling

302 3859 366 3919 p.
396 3841 499 3905 15.
529 3840 846 3925 Draeger,
872 3842 1026 3906 hist.
1052 3841 1365 3928 Syntax§
1400 3842 1530 3927 90.)
1564 3843 1634 3908 in
1681 3844 1851 3924 quod
1898 3844 2133 3910 vitium
2163 3846 2452 3912 Velleius
2499 3865 2653 3927 quo-

300 3964 427 4025 que
470 3946 731 4012 incidit:
782 3950 860 4012 ct.
885 3949 1228 4031 auspicatis
1261 3950 1585 4015 ominibus
1633 3956 1691 4015 2.
1721 3957 1755 4014 7
1764 3954 1867 4034 9,2
1897 3951 2293 4035 (auspicari).
2326 3952 2650 4019 fabricare

280 4052 459 4119 >dicit
504 4053 671 4119 Vell.
722 4057 780 4119 2.
809 4056 978 4138 27,4.
1029 4058 1085 4120 2.
1124 4061 1293 4137 79,2.
1339 4057 1590 4136 (Cicero
1638 4076 1893 4139 semper
1933 4056 2289 4140 fabricari.)

368 4204 384 4222 .
496 4158 866 4242 frustratus
898 4180 1030 4243 spe.
1058 4165 1114 4226 2.
1144 4165 1294 4244 21,3
1329 4181 1477 4227 mox
1502 4163 1830 4229 intellexit
1855 4183 1997 4231 esse
2029 4165 2418 4231 frustratum
2442 4167 2656 4232 visum

282 4283 489 4330 ‚suum
539 4269 595 4331 2.
619 4271 791 4351 43,1.
838 4266 1176 4334 frustratis
1224 4270 1606 4336 custodibus
1656 4274 1714 4336 2.
1741 4275 1886 4356 87,1
1942 4271 2100 4355 (Cic.
2146 4272 2499 4358 frustrari.)

515 4378 830 4440 testatum
874 4381 973 4441 est
1015 4374 1309 4462 (testari)
1369 4395 1439 4443 es
1485 4377 1581 4442 ist
1652 4378 1971 4461 bestatigt
2041 4379 2306 4445 worden
2356 4381 2661 4464 2.115,2.

275 4482 608 4562 .2.116‚3.
