3096 5091
1498 501 1852 561 ..46—

692 713 922 757 merere
976 698 1026 756 1.
1057 698 1179 772 5,1.
1231 691 1555 777 (Propert.
1604 691 1820 775 Ovid.)

693 800 886 864 obniti
939 808 990 865 1.
1021 803 1143 880 9‚6.
1194 799 1450 883 (Verg.)

683 907 890 989 placet
939 913 993 971 2.
1027 913 1192 985 77,2.
1243 904 1573 989 2.110,].(
1619 907 1769 970 inde
1818 925 1858 970 a
1904 904 2142 988 Livio.)

689 1033 1031 1096 proponere
1081 1017 1136 1077 2.
1167 1013 1334 1093 53,l.
1407 1019 1463 1076 2.
1494 1019 1663 1093 60,2.

652 1122 995 1183 ‘sustinere
1062 1122 1313 1202 2.22,5.
1379 1122 1434 1183 2.
1461 1123 1633 1201 4Ο,4.
1698 1122 1952 1202 2.81,1.
2020 1124 2076 1184 2.
2103 1123 2274 1201 86,2.
2334 1118 2630 1202 (saepius
2699 1120 2877 1184 inde

476 1245 519 1288 a
573 1226 872 1303 Velleio.)

691 1373 908 1415 vacare
961 1356 1210 1433 2.15,1.
1264 1355 1564 1432 2.110,3.
1616 1350 1794 1434 (inde
1842 1371 1880 1414 a
1930 1349 2270 1433 Vergilio.)

694 1459 1071 1523 Infinitivus
1127 1460 1340 1524 rarius
1404 1460 1701 1539 sequitur
1756 1460 1914 1522 haec
1978 1459 2327 1523 adiectiva:

701 1563 1010 1627 absurdus
1077 1569 1132 1629 2.
1164 1570 1330 1645 38‚1.
1380 1564 1710 1650 (Sallust.)

705 1679 1014 1736 contentus
1071 1656 1372 1752 2.10’3,5.
1424 1676 1725 1751 2112,st
1778 1670 2330 1755 2.120,6.(0vid.
2375 1670 2626 1754 Quint.)

700 1779 1050 1855 favrailiaris
1100 1786 1156 1843 2.
1209 1785 1375 1860 30,3.

701 1887 897 1948 laetus
949 1890 1002 1949 2.
1036 1892 1202 1966 71,4.

693 2013 1211 2075 supervacaneum
1261 1998 1344 2054 est
1394 2000 1450 2057 2.
1479 1998 1647 2074 36,2.
1698 1992 2019 2076 (Sallust.)

695 2105 891 2162 tutum
942 2107 1026 2161 cst
1075 2103 1373 2181 2.110,3.
1425 2099 1595 2181 (Liv.
1646 2101 1938 2179 Propert.
1988 2099 2234 2180 Quint.)

692 2208 885 2270 moris
923 2212 1007 2275 est
1052 2225 1194 2270 cum
1244 2206 1356 2270 ini.
1407 2206 1701 2270 Velleius
1729 2206 1973 2286 primus
2003 2207 2187 2271 dixit.
2236 2212 2293 2271 2.
2320 2211 2490 2287 40,3.
2526 2202 2852 2289 (prior-es:

480 2332 619 2378 mos
668 2312 812 2387 est.)

696 2440 899 2502 Porro
947 2439 1191 2502 mentio
1242 2438 1539 2503 facienda
1590 2444 1692 2503 est
1739 2439 2195 2503 nonnullorum
2242 2438 2548 2520 locorum,
2600 2439 2848 2518 quibus

482 2540 690 2609 rarior
756 2552 974 2611 exstat
1037 2547 1345 2611 infinitivi
1412 2566 1586 2611 usus,
1644 2552 1693 2609 l.
1725 2550 1828 2629 8‚3
1880 2554 2018 2611 tum
2066 2545 2347 2611 Athenis
2394 2545 2696 2626 perpetui
2746 2565 2856 2610 ar-

485 2653 750 2717 chontes
813 2672 956 2717 esse
1021 2653 1371 2734 desierunt,
1437 2662 1920 2733 coeperuntque
1975 2653 2042 2718 in
2107 2652 2304 2717 denos
2361 2670 2565 2717 annos
2615 2653 2853 2718 creari.

483 2758 641 2842 (Cic.
691 2759 874 2824 Caes.
938 2760 1151 2839 coepti
1220 2758 1420 2843 s'unt.)
1487 2762 1542 2823 2.
1576 2766 1678 2841 3,3
1742 2759 2105 2824 discordiae
2154 2758 2397 2824 civium
2446 2762 2645 2823 antea
2695 2776 2850 2823 con-

486 2865 849 2930 dicionibus
880 2867 1103 2928 sanari
1133 2867 1347 2929 solitae
1377 2866 1553 2931 ferro
1604 2867 2014 2931 diiudicatae.
2066 2871 2344 2947 2.118,1
2408 2865 2593 2928 solita
2640 2867 2847 2931 armis

482 2970 757 3036 discerni
802 2973 944 3038 iure
992 2975 1364 3038 terminare.

566 3119 573 3123 -
701 3081 844 3144 Non
910 3081 1183 3144 multum
1245 3083 1557 3146 abhorret
1620 3081 1912 3145 Velleius
1974 3081 2041 3145 in
2099 3081 2574 3161 particularum
2620 3086 2692 3143 ut
2735 3081 2848 3146 vel

481 3207 563 3249 ‘ne
609 3206 732 3252 usu
780 3206 819 3250 a
865 3187 1151 3266 priorum
1201 3188 1454 3253 dicendi
1503 3188 1983 3252 consuetudine.

701 3293 986 3374 Repperi
1033 3296 1226 3359 haec:
1684 3360 1691 3370 ,

484 3401 722 3464 mereri
794 3406 859 3461 ut
930 3405 1233 3485 2.·130,5.
1305 3402 1532 3464 υτον-εντ’
1598 3421 1674 3464 ne
1745 3404 2005 3484 2.12,5.
2080 3401 2403 3483 refragari
2448 3421 2531 3467 ne
2580 3405 2637 3466 2.
2663 3408 2833 3485 40,5.
2891 3442 2900 3446 >

484 3504 679 3591 (inde
728 3528 767 3571 a
800 3508 990 3587 Vell.)

701 3615 936 3693 Itaque
1062 3615 1271 3679 Vellei
1395 3634 1650 3694 quoque
1782 3615 2074 3693 exemplo
2165 3616 2483 3693 probatur
2570 3615 2841 3680 infiniti-

482 3739 641 3786 vum
703 3720 907 3785 multo
971 3721 1374 3786 usitatiorem
1437 3740 1580 3787 esse
1643 3721 1932 3801 coepisse
1978 3721 2151 3801 apud
2195 3722 2593 3786 recentiores
2651 3741 2838 3802 quam

487 3846 688 3891 aurea
720 3835 937 3891 aetate
970 3828 1341 3910 latinitatis,
1375 3828 1765 3909 particulam
1797 3832 1867 3889 ut
1913 3835 2131 3892 autem
2178 3846 2375 3907 saepe
2421 3829 2502 3893 ab
2551 3847 2625 3894 eo
2674 3847 2840 3894 sum-

489 3939 731 3998 motam
777 3951 938 4016 esse,
989 3934 1057 3999 id
1103 3935 1271 4014 quod
1319 3935 1637 4015 imprimis
1686 3953 1726 3998 a
1771 3933 1982 4014 poetis
2028 3939 2390 4014 protectum
2436 3940 2557 4001 est.

708 4040 1264 4107 Constructionem
1307 4042 1668 4108 accusativi
1702 4060 1844 4106 cum
1877 4041 2201 4107 infinitivo
2235 4043 2464 4122 optimi
2495 4040 2838 4121 scriptores

485 4166 618 4211 11011
667 4148 1143 4212 coniunxerunt
1189 4167 1331 4213 cum
1381 4150 1482 4213 his
1529 4150 1764 4213 verbis:

704 4254 934 4317 adiicio
983 4262 1038 4319 2.
1068 4257 1236 4338 27,2.
1285 4253 1461 4340 (Tac.
1511 4255 1733 4337 Quint.
1782 4254 1988 4338 Curt.)

704 4362 773 4423 in
820 4365 1090 4439 confesso
1136 4368 1223 4425 est
1269 4365 1325 4427 2.
1354 4365 1522 4442 85,5.
1573 4361 1769 4446 (Plin.
1815 4359 1993 4445 Tac.)

705 4468 962 4531 instituo
1010 4475 1067 4533 2.
1098 4474 1220 4550 6,3.
1271 4466 1478 4553 (Poet.
1528 4467 1734 4550 Suet.)

706 4577 1000 4639 contendo
1021 4574 1103 4660 (Ξ
1119 4575 1238 4640 auf
1250 4581 1454 4641 etwas
1465 4574 1797 4657 bestehen,
1832 4573 2155 4655 dringend
2176 4573 2561 4657 verlangen)
2592 4576 2648 4638 2.
2674 4574 2842 4656 48,1.
