3096 5091
1352 505 1700 566 -2—49..

559 694 840 762 Proinde
902 696 1312 777 particulam,
1389 712 1583 774 quam
1661 695 1889 776 optimi
1967 682 2317 776 scriptores
2374 714 2695 776 nusquam

312 805 473 871 *nisi
503 805 572 868 in
606 803 1063 870 adhortatione
1096 807 1214 867 aut
1246 803 1313 873 in
1363 803 1847 882 comparatione
1893 803 2351 886 adhibuerunt,
2405 803 2695 868 Velleius

335 912 477 976 alia
507 928 761 991 quoque
806 911 1061 975 ratione
1107 910 1344 990 posuit.
1394 911 1450 973 2.
1479 913 1630 990 37,4
1677 910 1945 989 proinde
1992 908 2391 994 (deswegen)
2440 929 2692 975 omnem

336 1018 473 1084 sibi
505 1019 612 1082 vel
645 1017 985 1082 adversam
1015 1017 1120 1082 vel
1168 1016 1517 1081 secundam
1564 1016 1891 1089 fortunam
1937 1017 2340 1082 tolerabilem
2389 1016 2695 1082 futuram.

563 1139 699 1218 Qua
729 1148 830 1206 est
861 1142 928 1204 in
976 1160 1047 1206 so
1095 1142 1269 1223 weit,
1317 1142 1386 1205 in
1419 1159 1489 1206 so
1536 1140 1699 1206 fern.
1748 1145 1805 1205 2.
1834 1144 1981 1225 37,2
2031 1142 2345 1222 Tigranes
2392 1160 2509 1206 rex
2556 1142 2696 1207 eius

338 1248 681 1332 ‚temporis
729 1248 856 1312 nisi
904 1264 1031 1328 qua
1061 1247 1322 1312 Luculli
1369 1247 1567 1312 armis
1615 1253 1755 1312 erat
1800 1246 2139 1331 infractae,
2189 1249 2696 1329 potentissimus.

334 1356 443 1420 ita
488 1356 867 1435 plerumque
913 1354 1306 1420 recentiores
1353 1354 1523 1417 hanc
1570 1353 1956 1434 particulam
2004 1354 2421 1419 admiserunt.

563 1477 825 1556 Quando
873 1477 955 1563 (z
1000 1478 1104 1561 da,
1136 1475 1331 1561 weil).
1367 1485 1423 1543 2.
1457 1484 1599 1560 14,1
1630 1483 1768 1542 tum
1794 1496 2145 1543 conversus
2169 1479 2372 1544 Drusi
2418 1480 2693 1563 animuS,

339 1585 601 1666 quando
633 1586 798 1650 bene
845 1586 1275 1666 inceptamale
1352 1586 1687 1650 cedebant.
1739 1591 1795 1650 2.
1825 1589 1994 1665 52,6.
2046 1582 2189 1668 (pro
2238 1587 2495 1666 quando
2536 1587 2694 1652 Hal-

338 1693 516 1758 mius
590 1697 658 1757 et
703 1693 990 1757 Haasius
1046 1711 1230 1776 quam.
1291 1689 1451 1776 quod
1508 1691 1637 1773 legi
1699 1689 1975 1775 volunt.)
2039 1693 2163 1756 hac
2219 1692 2698 1774 significatione

333 1800 605 1880 quando
661 1800 984 1880 particula
1047 1799 1219 1879 apud
1276 1799 1644 1863 Ciceronem
1719 1804 1823 1863 ter
1883 1803 2116 1863 exstat.
2165 1797 2517 1882 (propriam
2563 1800 2697 1865 vim

221 1935 223 1937 ¹
346 1908 553 1971 habet
598 1907 772 1986 apud
820 1905 984 1970 Vell.
1034 1913 1090 1971 2.
1120 1909 1286 1987 53,2.
1337 1908 1394 1969 2.
1425 1903 1663 1990 126,3.)

564 2012 875 2091 Quatenus
920 2032 1038 2093 pro
1072 2013 1226 2092 quia
1270 2013 1562 2078 invenies
1610 2011 1782 2091 apud
1815 2012 1987 2076 solos
2032 2016 2385 2094 argenteae
2406 2012 2699 2077 latinita-

319 2121 438 2185 *tis
499 2121 866 2200 scriptores.
916 2120 1079 2186 Vell.
1130 2127 1188 2191 2.
1225 2124 1376 2202 68,4
1444 2123 1767 2199 quatenus
1814 2123 2036 2183 autem
2083 2118 2334 2199 aliquid
2379 2138 2460 2184 ex
2509 2121 2701 2185 omis-

326 2228 441 2292 sis
487 2231 731 2308 repeto.
780 2225 1072 2311 (propria
1119 2226 1592 2307 significatione
1640 2230 1860 2289 exstat
1908 2227 1964 2290 2.
2001 2223 2243 2309 ll4‚3.)

564 2333 692 2412 Que
731 2334 900 2398 idem
935 2339 1036 2398 est
1067 2353 1143 2398 ac
1189 2350 1443 2414 quoque
1488 2331 1570 2397 iis
1619 2332 1795 2414 locis,
1844 2332 2079 2411 quibus
2126 2351 2269 2396 cum
2316 2333 2508 2398 hodie
2557 2334 2702 2400 adv.

322 2441 766 2506 coniunctum
829 2447 945 2505 est.
1005 2438 1085 2524 (z
1139 2442 1306 2504 noch
1371 2436 1598 2522 heute)
1680 2443 1885 2520 1.4,2.
1947 2444 2015 2504 et
2074 2445 2129 2504 3.
2192 2441 2442 2523 1.11,3.
2493 2446 2549 2505 2.
2576 2444 2701 2523 8,3.

346 2554 409 2613 2.
437 2553 606 2630 25,4.
697 2551 951 2631 2.27,5.
1024 2550 1276 2629 2.61,3.
1349 2550 1603 2629 2.81,2.
1672 2549 1729 2609 2.
1756 2550 1924 2629 98,1.
2000 2545 2111 2631 (ci.
2183 2547 2481 2630 Draeger
2540 2548 2702 2613 hist.

320 2656 602 2737 ..Syntax
646 2656 733 2719 II.
779 2675 839 2736 p.
888 2653 1022 2740 43.)
2014 2640 2018 2646 ⁷

563 2782 676 2846 que
707 2763 928 2828 eodem
975 2761 1160 2826 modo
1194 2778 1320 2842 quo
1368 2767 1422 2825 et
1467 2764 1969 2828 transitionibus
2017 2761 2319 2845 inservit,
2371 2781 2515 2827 cum
2563 2781 2702 2827 sae-

346 2869 615 2949 pissime
671 2870 1013 2941 enuntiata
1059 2888 1170 2952 que
1216 2870 1538 2948 particula
1586 2889 1730 2936 cum
1778 2869 2313 2935 antecedentibus
2356 2868 2701 2934 coniuncta

342 2977 502 3041 sint.
551 2977 629 3041 ci.
680 2980 738 3041 2.
767 2983 933 3060 65,2.
983 2983 1040 3042 2.
1070 2978 1237 3057 66,2.
1287 2982 1344 3040 2.
1373 2982 1542 3060 69,6.
1595 2980 1847 3059 2.87,2.
1897 2983 1955 3041 2.
1985 2979 2195 3057 109,3.
2244 2975 2540 3056 saepius.-

560 3102 672 3167 que
743 3102 888 3148 cum
951 3083 1261 3163 quasdam
1332 3084 1708 3161 pronomine
1778 3081 1966 3167 (acc.)
2044 3083 2454 3147 coniunctum
2526 3082 2701 3161 apud

347 3190 672 3255 Velleium
728 3190 934 3254 solum
979 3189 1263 3260 inveniri
1310 3190 1608 3271 Draeger
1670 3190 2032 3254 confirmat.
2082 3188 2259 3272 (hist.
2308 3186 2563 3268 Syntax
2609 3189 2701 3253 Π.

351 3317 411 3377 p.
449 3294 579 3380 35.)
628 3296 777 3380 (bae
823 3296 1318 3376 compositiones
1366 3296 1729 3375 particulae
1777 3313 1900 3376 que
1957 3301 2023 3360 et
2069 3294 2466 3376 pronominis
2514 3282 2699 3359 relat.

350 3404 543 3470 facile
591 3423 733 3469 cum
781 3404 1029 3487 quisque
1091 3402 1490 3482 pronominis
1537 3401 1764 3466 formis
1837 3401 2143 3467 confundi
2190 3407 2492 3482 possunt:
2565 3401 2704 3479 qui-

348 3529 478 3592 que
527 3516 581 3576 1.
610 3512 776 3592 11,3.
812 3517 867 3574 2.
897 3516 1065 3592 2Ο,5.
1115 3512 1411 3576 2.113.1.
1461 3513 1759 3591 2.117,3.
1808 3508 2121 3589 cuiusque
2168 3515 2225 3575 2.
2255 3510 2423 3588 96,1.
2470 3508 2704 3588 cuique

351 3625 410 3683 2.
441 3621 608 3699 35,1.
655 3618 957 3697 quodque
1007 3619 1327 3697 2.113,2.,

563 3743 674 3807 que
735 3743 851 3804 pro
911 3729 1089 3806 atque
1142 3723 1466 3803 particula
1512 3724 1811 3803 sequitur
1855 3741 2075 3788 vocem
2124 3721 2391 3803 pariter.
2463 3724 2700 3804 2.41‚3

349 3837 422 3897 et
490 3830 736 3911 pariter
808 3830 890 3894 iis
965 3829 1203 3893 terrori
1259 3830 1793 3911 venerationique
1854 3835 2043 3894 esset.
2110 3834 2389 3910 2.12Ο,6
2455 3829 2703 3908 pariter

349 3937 688 4020 sanguinis
736 3936 1114 4016 cerebrique
1161 3935 1426 4000 effluvio
1473 3936 1822 4017 exspirare.

563 4042 861 4107 Protinus
917 4041 1172 4128 (sofort‚
1231 4040 1551 4128 sogleich)
1616 4044 1767 4108 inde
1822 4063 1861 4108 a
1917 4044 2106 4108 Livio
2167 4044 2234 4108 in
2284 4061 2406 4107 usu
2454 4042 2704 4108 versari

352 4152 584 4232 coepit.
631 4151 797 4215 Vell.
847 4154 1147 4231 2.104,3.

564 4256 1048 4341 Quin—quoque
1132 4274 1248 4334 pro
1338 4258 1767 4340 quin—etiam
1843 4261 2076 4322 exstat.
2159 4260 2343 4339 1.9,2
2448 4258 2505 4320 2.
2534 4257 2701 4336 94,4.

336 4366 479 4450 (ita
524 4367 717 4447 rece.)
2698 4401 2704 4408 -

562 4469 833 4534 Subinde
894 4469 976 4556 (z
1036 4469 1297 4553 darauf)
1360 4471 1590 4535 Livius
1636 4472 1885 4551 primus
1934 4470 2117 4550 dixit,
2168 4467 2397 4534 deinde
2444 4468 2701 4547 saepius
