3096 5091
1464 484 1814 544 ...60-

668 689 1022 753 peragrare
1070 672 1361 737 Velleius
1405 690 1524 752 pro
1580 674 1785 739 verbo
1856 672 2217 755 deponente
2284 672 2520 754 posuit.
2567 674 2634 738 2.
2665 677 2852 756 97,4‡

458 782 847 860 peragratas
895 778 1102 844 omnis
1150 779 1360 859 partis
1408 779 1821 846 Germaniae.

432 872 445 887 '
665 885 772 953 Ex
833 903 1128 953 sermone
1174 885 1429 966 plebeio
1477 886 1686 965 petita
1748 892 1904 952 sunt
1952 885 2077 952 duo
2126 885 2555 952 ‚substantiva
2616 886 2825 951 demi-

454 990 705 1074 nutiva‚
756 1010 923 1071 quae
990 991 1273 1073 plurima
1340 992 1407 1056 in
1478 992 1616 1059 eius
1685 1011 1812 1059 usu
1879 992 2084 1059 fuisse
2146 997 2433 1059 constat:
2506 993 2830 1059 cultellus

454 1103 686 1181 2.14,1
739 1099 1029 1164 mamilla
1079 1105 1139 1163 2.
1166 1104 1200 1161 7
1210 1100 1334 1182 0,5.
1398 1098 1692 1184 (exstant
1738 1101 1914 1181 apud
1970 1101 2186 1166 Plaut.
2234 1106 2302 1165 et
2362 1100 2551 1166 Varr.
2600 1100 2824 1179 solos.)

667 1204 1079 1271 Pronominis
1126 1205 1423 1272 reflexivi
1468 1224 1586 1287 pro
1636 1206 2148 1274 demonstrativo
2181 1225 2340 1273 usus
2385 1208 2508 1272 hoe
2556 1225 2827 1288 quoque

452 1313 590 1377 loco
653 1312 1246 1378 commemorandus
1294 1319 1412 1396 est,
1485 1314 1595 1393 qui
1667 1314 1738 1379 in
1800 1315 2062 1396 vulgari
2134 1332 2429 1379 sermone
2497 1313 2825 1379 usitatior

451 1416 655 1483 fuisse
727 1418 1010 1484 videtur.
1079 1416 1186 1503 (ef.
1236 1419 1522 1501 Rebling
1569 1440 1628 1501 p.
1679 1417 1795 1503 22)
1868 1425 1929 1486 2.
1956 1422 2103 1504 56,1
2180 1419 2421 1486 Caesar
2490 1421 2825 1501 omnibuS,

451 1525 564 1606 qui
611 1530 840 1591 eontra
886 1543 958 1590 se
1005 1544 1187 1591 arma
1231 1527 1541 1609 tulerant,
1593 1526 1865 1607 ignovit.

664 1631 813 1697 Huc
859 1632 1109 1698 aceedit
1126 1681 1142 1714 ‚
1192 1632 1365 1714 quod
1410 1632 1762 1698 Heumann
1830 1632 1933 1712 (de
1979 1632 2314 1699 latinitate
2358 1633 2616 1714 plebeia
2671 1632 2853 1699 aeviss

451 1738 860 1805 Ciceroniani
876 1740 895 1804 ε’
952 1739 1197 1807 Poieile
1261 1740 1384 1805 III.
1427 1759 1489 1820 p.
1517 1738 1675 1823 322)
1726 1740 1901 1825 dicit,
1951 1740 2345 1820 particulam
2389 1745 2638 1804 tantum
2658 1737 2826 1823 quod

448 1863 567 1925 pro
611 1846 716 1908 vix
775 1863 858 1912 ex
911 1847 1314 1927 plebeiorum
1370 1864 1668 1912 sermone
1726 1864 1871 1913 esse
1917 1847 2210 1927 petitam.
2260 1846 2341 1913 cf.
2391 1847 2520 1914 Cic,
2547 1847 2640 1912 ad
2664 1845 2826 1912 fam.

453 1956 509 2017 7.
536 1956 620 2017 23
669 1951 753 2016 ad
782 1953 924 2018 Att.
977 1958 1078 2035 15,
1119 1957 1287 2034 13,7.
1323 1951 1507 2018 Corn.
1555 1953 1713 2033 Nep.
1751 1958 1851 2021 14.
1880 1956 1984 2034 6,5
2019 1954 2185 2019 Vell.
2235 1959 2293 2019 2.
2328 1956 2517 2036 117,1
2554 1958 2852 2021 tantum

448 2057 620 2138 quod
666 2058 962 2126 ultimam
992 2059 1410 2140 imposuerat
1456 2059 1623 2125 bello
1671 2078 1931 2125 manum
1979 2060 2240 2143 Caesar,
2290 2079 2435 2129 cum
2480 2066 2604 2126 eto.
