3096 5091
1546 537 1636 548 ..
1686 506 1900 567 34...

546 698 791 763 Catone
854 717 982 763 non
1016 716 1255 781 omneS‚
1305 698 1415 777 qui
1462 698 1530 762 in
1580 696 1899 762 classibns
1946 701 2151 781 erant,
2202 695 2467 782 (quibus
2514 705 2732 781 partes
2776 701 2884 765 vel.

544 805 800 870 ordines
812 805 1033 884 populi
1054 804 1504 886 significabant
1519 804 1625 886 ur)
1647 804 1762 869 sed
1778 804 2023 884 primae
2046 810 2306 871 tantum
2327 807 2555 872 classis
2577 806 2872 871 homines

754 928 1019 993 Citerim·
1065 932 1149 994 ab
1174 930 1436 1009 optimis
1482 929 1911 1010 scriptoribus
1954 948 2305 1010 numquam
2354 935 2457 996 est
2495 931 2774 1012 positum
2803 931 2874 995 de

538 1045 852 1118 tempore3
899 1037 995 1101 ita
1042 1038 1165 1101 hoc
1189 1037 1575 1101 vocabulum
1625 1036 1972 1116 usurpavit
2016 1037 2314 1103 Velleius
2387 1037 2617 1120 1.17,2
2664 1038 2732 1101 in
2775 1056 2875 1102 an-

534 1146 782 1226 tiquius
829 1143 1183 1209 citeriusve
1230 1143 1595 1223 procedere.

752 1249 991 1314 Celeber
1037 1256 1140 1315 est
1194 1250 1305 1330 qui
1373 1250 1873 1330 frequentatum
1921 1250 2073 1316 inde
2120 1253 2442 1317 translate
2487 1272 2527 1316 a
2571 1254 2890 1318 recentio-

530 1360 714 1425 ribus
763 1358 1043 1423 sumitur
1087 1376 1203 1438 pro
1252 1358 1459 1438 clam,
1530 1358 1885 1437 praeclaro,
1937 1363 1990 1422 1.
2042 1362 2148 1439 9,5
2213 1358 2533 1439 triumphi
2580 1359 2874 1424 celebres

532 1471 590 1530 2.
621 1471 742 1546 7,5-
824 1465 1312 1530 celeberrimum
1384 1465 1626 1530 vinum.
1677 1470 1734 1529 2.
1762 1470 1867 1547 8,3
1945 1466 2235 1543 porticus
2296 1465 2599 1530 celebres.
2651 1471 2885 1547 2.12,2·

528 1591 761 1637 nomen
787 1571 1290 1636 celeberrimum.
1319 1578 1375 1636 2.
1408 1577 1555 1651 17,2
1584 1571 1991 1635 celeberrimi
2016 1571 2230 1637 duces,
2255 1578 2614 1652 praeterea:
2633 1579 2691 1638 2.
2719 1577 2891 1655 58,4..

527 1685 585 1744 2.
616 1685 781 1761 77,3.
832 1684 1134 1758 2.116,2.
1184 1683 1482 1759 2.125,5.
1531 1677 1793 1757 proprio
1842 1696 2038 1743 sensu
2108 1685 2344 1743 exstat.
2401 1684 2458 1767 2.
2488 1685 2630 1761 91,1
2685 1680 2877 1760 Alpes

527 1786 687 1851 ieris
735 1786 1130 1864 incultisque
1177 1785 1553 1849 nationibus
1596 1784 1911 1862 celebres„
1949 1790 2006 1848 2.
2042 1789 2229 1867 104,3
2279 1787 2706 1851 celeberrima
2733 1805 2878 1868 pars

524 1894 779 1959 Italiae.
902 1948 908 1953 .

736 1997 995 2078 Effusas
1041 1997 1440 2073 transfertur
1479 1998 1565 2062 ad
1611 1999 1752 2062 loca
1799 2005 1866 2063 et
1888 1999 2057 2063 idem
2102 2003 2205 2062 est
2236 2017 2313 2062 ac
2344 2004 2596 2083 vastuS,
2630 2005 2888 2080 patens.

526 2115 581 2173 2.
610 2114 750 2185 43,1
820 2101 1248 2173 effusissimus
1296 2105 1492 2169 maris
1537 2104 1861 2170 Adriatici
1924 2105 2123 2170 sinus,
2181 2104 2258 2171 ci.
2306 2107 2455 2173 Tac.
2512 2107 2729 2173 Germ.
2800 2113 2869 2172 31

523 2214 727 2279 effusa
774 2215 934 2278 loca.
993 2213 1167 2293 apud
1245 2211 1628 2276 Ciceronem
1687 2211 1860 2276 idem
1918 2217 2022 2276 est
2081 2231 2159 2276 ac
2218 2212 2544 2292 profusus,
2595 2215 2674 2279 cf.
2721 2214 2874 2281 Vell.

523 2324 580 2385 2.
606 2326 751 2402 41,1
806 2320 1254 2386 munificentia
1302 2318 1748 2383 effusissimUS.

734 2444 974 2508 Fatalis
1021 2463 1192 2509 mors
1240 2449 1359 2526 est,
1410 2462 1575 2524 quae
1622 2460 1751 2506 non
1799 2444 2012 2508 subito
2046 2442 2159 2508 sed
2191 2445 2543 2509 secundum
2576 2452 2876 2510 naturam

517 2555 705 2620 venit
753 2558 822 2619 et
867 2553 1214 2634 opponitur
1261 2551 1588 2617 violentae
1633 2551 1845 2615 morti.
1896 2554 1953 2615 2.
1978 2541 2098 2632 4,6’
2139 2569 2254 2615 seu
2288 2551 2555 2617 fatalem
2588 2571 2707 2618 seu
2740 2573 2889 2618 con·

515 2662 740 2727 fiatam
787 2660 1045 2724 insidiis
1076 2664 1350 2724 mortem
1383 2658 1562 2723 obiit.
1613 2661 1670 2721 2.
1695 2663 1842 2741 49,1
1902 2657 2092 2723 fatali
2123 2664 2331 2723 morte
2363 2657 2567 2740 iungi.
2614 2660 2874 2741 propria

515 2774 620 2835 est
664 2770 824 2833 haec
871 2765 1261 2847 significatio
1307 2765 1487 2829 vocis
1533 2764 1770 2828 Velleii
1817 2769 1885 2828 et
1929 2783 1969 2827 a
2000 2765 2179 2829 nullo
2210 2765 2337 2829 alio
2380 2766 2475 2830 ita
2506 2772 2886 2848 usurpatur..

727 2888 1116 2973 Principalis
1162 2891 1421 2971 proprie
1467 2896 1571 2956 est
1615 2889 1862 2970 primus
1910 2898 2028 2955 aut
2073 2890 2482 2971 praecipuus3
2529 2893 2612 2957 ab
2646 2910 2873 2975 argen-

510 3006 658 3065 teae
703 2997 946 3062 aetatis
994 2998 1422 3078 scriptoribus
1471 2997 1714 3061 dicitur
1760 2998 1839 3061 de
1885 2998 2100 3080 rebuS‚
2151 3015 2317 3077 quae
2357 2996 2443 3061 ad
2498 2999 2868 3087 principem,

512 3108 578 3172 id
628 3111 731 3171 est
780 3105 864 3169 ad
912 3108 1253 3186 Caesarem,
1303 3103 1650 3184 pertinent.
1701 3106 1757 3167 2.
1788 3109 1933 3184 56,3
1973 3103 2353 3183 principalis
2386 3104 2587 3183 quies
2638 3108 2698 3170 2.
2730 3107 2868 3186 93,2

510 3213 875 3279 ministeria
904 3208 1306 3292 principalia.
1358 3214 1414 3274 2.
1446 3214 1638 3294 124,3
1689 3209 2077 3290 principalia
2130 3228 2342 3289 opera.
2380 3213 2664 3292 2.127,3
2706 3211 2888 3292 prin--

511 3321 748 3401 cipalia
795 3338 1010 3385 onera.

726 3425 976 3490 Pronus
1023 3431 1125 3490 est
1169 3426 1424 3505 iavenS‚
1474 3424 1829 3489 studiosus.
1880 3425 1935 3486 1.
1963 3426 2068 3505 9,2
2120 3424 2277 3502 quin
2323 3424 2561 3489 Rhodii
2622 3442 2872 3506 quoque

509 3537 841 3618 proniores
889 3534 1066 3615 regis
1114 3533 1415 3611 partibus
1457 3531 1585 3597 visi
1616 3536 1786 3597 sunt.
1837 3534 1896 3595 2.
1926 3537 2075 3612 69,6
2108 3548 2322 3610 neque
2354 3532 2663 3613 reperias,
2715 3550 2867 3613 quos

508 3643 771 3725 pronior
819 3641 1086 3705 fortuna
1132 3640 1444 3703 comitata
1490 3638 1595 3703 sit.
1641 3625 1770 3722 (ita
1819 3638 2080 3718 saepius
2127 3636 2307 3721 Tac.)
2355 3639 2685 3720 propriam
2741 3640 2880 3706 vim.

508 3752 710 3815 habet
760 3751 987 3829 1.16,1
1041 3765 1283 3828 gurges
1329 3764 1592 3826 pronus.

733 3869 968 3933 Unicus
1011 3869 1180 3935 idem
1227 3876 1332 3935 est
1377 3889 1454 3935 ac
1502 3870 1878 3952 singularis,
1907 3862 1912 3868 ’
1926 3869 2321 3950 praecipuus
2368 3877 2435 3934 et
2466 3870 2749 3934 sumitur
2786 3869 2864 3933 ab

509 3980 770 4060 optimis
834 3977 1261 4056 scriptoribus
1322 3977 1769 4042 tantummodo
1832 3978 1901 4042 in
1945 3978 2182 4041 bonam
2245 3983 2513 4056 partem.
2577 3975 2866 4043 Velleius

509 4086 669 4152 dicit
713 4085 783 4149 in
830 4083 1066 4147 malam
1112 4088 1382 4162 partem.
1433 4087 1490 4147 2.
1520 4088 1650 4166 7,2.
1695 4083 1848 4149 huic
1894 4083 2228 4148 atrocitati
2277 4083 2606 4148 adiectum
2655 4083 2864 4148 scelus

508 4194 787 4259 unicum.

720 4369 964 4449 Verba,
1013 4386 1178 4447 quae
1223 4387 1464 4433 novam
1509 4369 1753 4434 habent
1810 4368 2347 4449 significationem
2410 4367 2586 4448 apud
2631 4364 2876 4434 Vellei--

506 4496 615 4543 um
662 4482 818 4542 sunt
862 4477 1056 4540 haec:
