3096 5091
1339 430 1763 518 '-12--

616 653 908 718 Primum
932 657 1169 734 autem,
1196 650 1254 715 si
1282 651 1520 732 placet,
1555 651 1755 715 verba
1779 648 2013 713 faciam
2047 647 2127 713 de
2149 646 2463 712 orationis
2488 665 2783 729 genere,

407 760 658 842 deinde,
707 759 944 840 quibus
991 757 1211 826 verbis
1234 755 1530 822 Velleius
1575 756 1819 838 primus
1874 773 2033 821 usus
2079 755 2169 820 sit
2213 754 2532 835 indicab0‚
2579 760 2772 837 post,

406 869 641 948 quibus
701 867 896 932 aliam
959 865 1497 948 significationem
1562 873 1758 945 atque
1820 862 1993 945 apud
2055 862 2329 944 optimos
2400 862 2775 944 scriptores

405 975 757 1057 habebant,
807 972 1176 1054 subiecerit,
1225 977 1365 1037 tum
1413 970 1652 1051 quibus
1698 971 1766 1034 in
1824 971 2019 1034 rebus
2051 970 2133 1033 ab
2167 969 2415 1051 optima
2443 970 2768 1050 loquendi

408 1081 880 1148 consuetudine
927 1081 1295 1144 abhorreat.
1385 1078 1741 1159 PostremO,
1823 1076 2060 1157 quibus
2127 1076 2198 1141 in
2266 1078 2463 1143 rebus
2509 1078 2773 1143 Vel'leii

405 1189 682 1256 elocutio
729 1187 1127 1254 Graecorum
1189 1187 1414 1267 lingua
1467 1191 1536 1250 et
1596 1202 1892 1250 sermone
1954 1184 2206 1264 plebeio
2254 1185 2597 1266 inquinata
2642 1186 2770 1268 sit,

402 1296 876 1381 perscrutabor.

1366 1456 1642 1568 caput
1707 1448 1767 1543 Ι.

618 1636 716 1699 Ac
789 1634 1064 1714 primum
1138 1632 1394 1712 quidem
1442 1629 1764 1695 Velleium
1834 1629 1903 1692 in
1973 1629 2267 1696 oratione
2337 1631 2507 1695 omni
2567 1633 2774 1699 modo

405 1741 781 1808 exornanda
849 1747 1049 1820 atque
1093 1738 1560 1819 amplificanda
1618 1755 1880 1816 operam
1944 1736 2439 1820 consumpsisse,
2506 1739 2772 1804 multae

407 1854 563 1914 sunt
579 1865 703 1929 reS,
754 1849 989 1928 quibus
1036 1845 1222 1911 nobis
1271 1847 1598 1926 probetur.
1690 1843 1830 1909 sive
1893 1843 2064 1908 enim
2110 1862 2245 1909 rem
2311 1844 2559 1926 laudat,
2611 1846 2783 1912 sive·
2823 1910 2835 1922 ,

406 1955 772 2037 vituperat,
844 1973 1097 2034 semper
1166 1954 1386 2020 verbis
1418 1971 1561 2018 eam
1610 1957 1812 2033 auget
1880 1958 1948 2016 et
2018 1951 2512 2034 attributorum,
2587 1972 2783 2032 quaev
2890 1974 2896 1983 ·

408 2063 734 2153 dicuntur,
796 2061 1056 2127 modum
1102 2061 1352 2126 nullum
1400 2058 1712 2124 adhibere
1759 2058 1817 2122 ei
1863 2059 2093 2138 placet.
2143 2057 2224 2124 ex
2292 2058 2545 2124 infinito
2616 2060 2773 2125 iere

346 2149 360 2156 ⁹
407 2169 846 2248 exemplorum
892 2186 1180 2249 numer0,
1246 2185 1516 2248 quorum
1570 2183 1873 2247 magnam
1934 2165 2182 2245 copiam
2248 2165 2376 2230 iam
2425 2165 2774 2246 Sauppius

406 2280 473 2339 et
502 2275 798 2339 Kritzius
845 2275 1267 2357 collegerunt,
1317 2291 1523 2354 pauca
1573 2272 1915 2352 decerpere
1937 2272 2096 2337 mihi
2121 2273 2338 2353 liceat,
2389 2291 2470 2337 ex
2518 2273 2782 2354 quibus.

402 2400 542 2446 rem
602 2381 696 2446 ita
765 2400 908 2446 esse
970 2382 1212 2462 optime
1260 2387 1707 2464 cognoscatur.
1801 2384 1858 2443 2.
1932 2384 2079 2461 31,1
2158 2386 2573 2445 converterat
2645 2381 2770 2446 Cn.

403 2489 670 2569 Pompei
741 2507 1017 2569 persona
1085 2494 1228 2555 tota
1293 2489 1360 2553 in
1430 2505 1501 2553 se
1572 2493 1894 2554 terrarum
1966 2489 2188 2553 orbem
2262 2491 2329 2552 et
2374 2506 2490 2567 per
2537 2488 2771 2554 omnia

408 2596 616 2661 maior
670 2597 798 2661 civi
854 2598 1236 2662 habebatur.
1330 2603 1387 2661 2.
1453 2602 1618 2677 65,5.
1687 2595 1854 2662 vivit
1916 2594 2052 2679 (sc.
2102 2593 2378 2679 Cicero)
2440 2595 2771 2676 vivetque

407 2721 525 2783 per
571 2721 819 2769 omnem
868 2704 1270 2769 saeculorum
1316 2703 1710 2784 memoriam,
1784 2702 2061 2781 dumque
2108 2703 2229 2766 hoc
2275 2701 2381 2766 vel
2428 2701 2600 2768 iorte
2645 2703 2763 2768 vel

408 2810 824 2890 providentia
871 2811 978 2875 vel
1025 2817 1354 2890 utcunque
1401 2809 1829 2875 constitutum
1898 2828 2114 2874 rerum
2161 2813 2439 2873 naturae
2480 2827 2719 2890 corpus
2742 2860 2765 2892 ,

410 2916 578 2996 quod
622 2916 734 2980 ille
782 2935 988 2997 paene
1051 2917 1228 2981 solus
1273 2917 1712 2981 Romanorum
1760 2917 1973 2981 animo
2020 2916 2223 2997 vidit,
2280 2916 2541 2997 ingenio
2590 2935 2779 2981 com*

406 3024 635 3103 plexus
660 3028 780 3106 est,
831 3024 1200 3103 eloquentia
1245 3022 1663 3104 illuminavit,
1712 3024 2002 3088 manebit
2047 3023 2407 3105 incolume,
2458 3022 2763 3088 comitem

406 3130 552 3196 aevi
599 3132 699 3195 sui
767 3130 1024 3195 laudem
1073 3131 1401 3196 Ciceronis
1448 3132 1700 3213 trahet,
1766 3131 2100 3210 omnisque
2170 3130 2524 3211 posteritas
2574 3129 2764 3196 illius

404 3236 470 3300 in
541 3241 609 3300 te
676 3238 922 3318 scripta
991 3237 1339 3303 mirabitur
1407 3238 1727 3317 citiusque
1797 3256 1832 3302 e
1878 3237 2116 3301 mundo
2166 3255 2373 3319 genus
2422 3237 2758 3303 hominum

407 3362 595 3423 quam
647 3345 972 3410 Ciceronis
1018 3364 1249 3411 nomen
1276 3346 1478 3411 cedet.
1573 3352 1629 3410 2.
1684 3351 1886 3427 130,4
1933 3345 2173 3410 amissa
2219 3350 2429 3409 mater
2474 3344 2761 3410 eminen-

403 3450 658 3515 tissima
706 3461 772 3516 et
835 3471 952 3532 per
1019 3453 1234 3516 omnia
1305 3452 1442 3517 deis
1490 3472 1681 3532 quam
1732 3452 2098 3517 hominibus
2169 3450 2442 3515 similior
2515 3449 2766 3516 femina

407 3562 465 3622 2.
514 3563 663 3641 51,3
713 3559 961 3623 Balbus
987 3558 1340 3624 excedente
1387 3560 1736 3624 humanam
1784 3559 1977 3624 fidem
2010 3559 2381 3623 temeritate
2412 3558 2756 3639 ingressus

402 3671 636 3729 castra.
685 3672 742 3730 2.
794 3671 962 3746 91,3.
1009 3684 1222 3745 neque
1269 3667 1483 3730 multo
1520 3672 1669 3747 post
1714 3666 1928 3731 Rufus
1958 3665 2306 3746 Egnatius,
2373 3683 2494 3746 per
2540 3665 2762 3730 omnia

402 3770 755 3852 gladiatori
807 3791 996 3852 quam
1045 3773 1333 3838 senatori
1380 3774 1664 3855 propior,
1713 3792 1856 3838 cum
1906 3777 2081 3837 esset
2136 3772 2308 3836 omni
2353 3772 2755 3853 flagitiorum

401 3879 849 3958 scelerumque
897 3880 1296 3945 conscientia
1354 3899 1606 3945 mersus
1641 3899 1761 3946 nec
1808 3880 2036 3944 melior
2087 3879 2188 3943 illi
2253 3897 2359 3943 res
2413 3879 2777 3943 familiaris

403 4003 592 4065 quam
628 4003 810 4051 mens
859 3985 1046 4067 foret,
1095 3986 1473 4052 interimere
1521 3986 1844 4052 Caesarem
1893 3985 2146 4050 statuit.

617 4091 937 4157 Veritatis
965 4093 1143 4157 illam
1173 4094 1680 4174 superlationem
1728 4099 1795 4158 et
1828 4092 2275 4157 traiectionem
2309 4092 2762 4172 cognoscimus

400 4215 482 4262 ex
507 4198 609 4263 his
670 4217 923 4279 quoque
969 4200 1224 4283 verbiS,
1287 4217 1454 4280 quae
1500 4201 1800 4281 quotiens
1855 4206 1922 4264 et
1970 4217 2162 4278 quam
2208 4198 2415 4263 multa
2463 4198 2760 4263 Velleius

404 4304 798 4390 adhibuerit,
839 4312 1013 4371 certe
1038 4306 1404 4372 mirandum
1440 4314 1560 4372 est:
1608 4307 1905 4387 coelestiS,
1941 4305 2447 4385 caelestissimus,
2475 4303 2763 4369 clarissi-

398 4431 578 4495 muS,
637 4413 955 4494 eminens,
1017 4412 1592 4497 eminentissimuS,
1657 4412 2211 4494 fulgentissimuS,
2269 4410 2602 4492 immanis,
2663 4411 2777 4474 in·-
