3096 5091
505 684 746 752 Abutor
789 685 1051 765 proprie
1099 690 1201 752 est
1246 687 1415 752 male
1461 691 1630 769 utor3
1678 707 1718 751 a
1763 687 2013 753 Velleio
2061 687 2412 755 adhibetur
2441 690 2512 754 in
2542 690 2656 754 bo-

252 810 438 856 nam
488 794 1064 886 1191191112.105,2
1115 793 1245 857 0110
1270 793 1634 859 liberaliter
1681 795 1879 859 abuti.
1928 792 2178 879 (eodem
2202 800 2422 865 autem
2466 795 2652 860 modo

257 900 464 980 apud
512 899 885 965 Ciceronem
931 917 1182 979 quoque
1229 901 1514 980 positum
1554 899 1941 966 invenimus,
1988 902 2137 966 Nat.
2184 903 2264 967 D.
2313 905 2464 984 2,60
2531 921 2651 968 nos

247 1007 654 1088 sagacitate
701 1024 933 1070 canum
981 1005 1064 1069 ad
1112 1005 1468 1072 utilitatem
1512 1011 1806 1072 nostram
1855 1007 2233 1088 abutimur.)

502 1127 802 1193 Accedere
825 1129 1155 1211 significat
1185 1132 1513 1197 assentiri.
1556 1136 1607 1197 1.
1635 1137 1741 1214 8,5
1779 1133 2057 1198 libenter
2084 1133 2188 1214 iis,
2223 1132 2334 1213 qui
2366 1133 2463 1197 ita
2506 1152 2651 1215 pro-

263 1239 616 1318 diderunt,
667 1238 1069 1302 accesserim.
1128 1237 1206 1302 ci.
1258 1237 1478 1320 Quint.
1528 1243 1641 1319 9,4
1687 1238 1892 1304 initio.
1939 1239 2107 1319 Nep.
2148 1239 2425 1305 Miltiad.
2475 1245 2536 1305 3.

503 1360 706 1425 Adire
737 1381 953 1425 nomen
981 1353 1189 1444 (ἅπαξ
1211 1357 1605 1447 λεγόμενον)
1630 1382 1747 1442 pro
1773 1362 2104 1442 suscipere
2128 1381 2362 1429 nomen
2411 1371 2468 1429 2.
2497 1367 2645 1446 60,1

257 1490 409 1537 11911
444 1470 748 1550 placebat
796 1469 989 1534 Atiae
1035 1470 1230 1533 matri
1276 1469 1715 1550 Philippoque
1762 1469 1998 1535 vitrico
2045 1469 2215 1534 adiri
2262 1489 2493 1537 nomen
2540 1472 2640 1536 in-

261 1578 581 1646 vidiosae
625 1575 929 1641 fortunae
977 1575 1272 1640 Caesaris,
1929 1594 1932 1599 Α

502 1681 794 1766 Adjieere
838 1686 942 1749 est
985 1683 1306 1763 loquendo
1337 1682 1596 1748 addere.
1644 1687 1702 1746 2.
1728 1688 1897 1765 27,2.
1945 1688 2003 1748 2.
2038 1688 2206 1765 31,1.
2256 1690 2313 1748 2.
2342 1689 2529 1767 104,1
2581 1689 2650 1749 91

247 1799 328 1859 ν4.
386 1799 453 1858 2.
483 1795 695 1874 114,3.
744 1791 840 1855 ita
885 1790 1202 1872 imprimis
1250 1790 1463 1854 Taciti
1509 1790 1580 1854 in
1627 1808 1751 1854 usu
1799 1793 1915 1854 est.

510 1897 803 1962 Asserere
863 1897 1032 1962 idem
1096 1903 1200 1962 est
1247 1916 1324 1962 ac
1367 1896 1723 1962 vindicare.
1773 1902 1830 1961 2.
1858 1902 2005 1980 60,1
2080 1899 2462 1963 asserebant
2506 1898 2648 1963 iata

251 2005 691 2072 conditorem
739 2009 1389 2083 conservatoremque
1434 2003 1715 2068 Romani
1760 2004 2059 2070 nominis,

502 2111 805 2175 Astruere
871 2110 1135 2191 proprie
1205 2116 1307 2176 est
1373 2110 1560 2175 iuxta
1629 2116 1902 2193 struele,
1973 2113 2299 2178 translate
2365 2112 2647 2178 sumitur

261 2238 393 2302 plo
443 2219 707 2302 adde1·‚e
756 2217 1211 2298 superaddere.
1262 2223 1320 2282 2.
1350 2220 1452 2300 55,
1463 2221 1499 2278 2
1548 2237 1702 2282 nam
1748 2217 1965 2284 victus
2012 2219 2094 2283 ab
2143 2237 2219 2283 eo
2265 2219 2642 2284 Pharnaces

262 2329 389 2393 vix
456 2325 806 2406 quidquam
868 2325 1114 2407 gloriae
1178 2324 1318 2390 eius
1372 2324 1738 2407 adstruxit3
1785 2324 1881 2389 ita
1927 2326 2190 2406 saepius
2252 2326 2425 2406 apud
2473 2327 2641 2392 alios

261 2450 540 2515 quoque
577 2432 929 2498 invenitur.
961 2450 1078 2512 pro
1112 2432 1492 2512 attribuere,
1543 2432 1970 2498 adnumerare
2016 2432 2310 2498 Velleius
2381 2432 2633 2512 primus

267 2539 588 2623 posuisse
657 2538 936 2605 videtur.
1013 2547 1065 2603 l.
1095 2541 1261 2621 17,2.
1332 2542 1407 2603 ut
1452 2538 1718 2608 Livium
1788 2557 2043 2619 quoque
2100 2539 2389 2619 priorum
2435 2539 2641 2606 aetati

275 2649 617 2714 adstruas
669 2645 777 2729 (cf.
823 2645 1107 2710 Martial.
1158 2642 1356 2729 3‚20.)
1424 2719 1427 2720 ⁷

507 2753 847 2837 Auspicari
901 2754 985 2817 ab
1048 2752 1310 2833 optimis
1368 2752 1800 2831 scriptoribus
1860 2752 2144 2818 sumitur
2188 2753 2638 2817 tantummodo

268 2881 403 2943 pro
454 2861 819 2940 auspicium
861 2878 1113 2941 capere.
1139 2859 1314 2940 apud
1358 2859 1755 2924 recentiores
1804 2877 1996 2939 saepe
2031 2859 2327 2939 positum
2375 2864 2476 2924 est
2520 2878 2637 2939 pro

274 2968 596 3051 incipere,
621 2967 893 3049 aggredi
907 2966 992 3030 ad
1002 2966 1170 3047 alqd.
1196 2966 1364 3032 Vell.
1391 2973 1449 3031 2.
1480 2970 1672 3049 101,3
1694 2966 1967 3030 militiae
1990 2966 2267 3047 gradum
2291 2964 2637 3045 auspicari.

511 3072 875 3137 Consumere
920 3073 1160 3137 dicitur
1206 3091 1322 3153 pro
1371 3075 1735 3154 absumere,
1782 3072 2166 3138 interficere.
2215 3078 2272 3137 2.
2301 3077 2449 3154 52,6
2498 3072 2636 3137 acie

274 3182 596 3249 consumi.
678 3188 734 3246 2.
773 3186 922 3262 9Ο,3
1010 3180 1162 3243 illae
1230 3179 1606 3259 provinciae
1677 3178 2010 3258 Scipiones
2080 3184 2638 3259 consumpserunt.

275 3288 551 3372 proprio
609 3305 804 3353 sensu
861 3290 1093 3351 exstat.
1142 3287 1376 3368 2.12‚3
1426 3285 1663 3350 tertius
1710 3283 1823 3370 (sc.
1870 3282 2277 3369 consulatus)
2324 3286 2395 3349 in
2441 3303 2639 3366 appa-

262 3402 439 3462 ratu
485 3394 642 3459 belli
689 3397 1127 3473 consumptus

502 3500 836 3565 Destruere
863 3499 1125 3581 proprio
1151 3498 1599 3564 tantummodo
1626 3517 1823 3563 sensu
1870 3498 2047 3579 apud
2090 3498 2342 3580 priores
2385 3497 2637 3564 inveni-

276 3617 414 3677 tur.
460 3608 753 3674 Velleius
787 3607 943 3672 dicit
990 3606 1309 3670 translate
1370 3608 1428 3671 2.
1453 3608 1607 3689 48,2
1679 3605 1791 3686 qui
1837 3605 1896 3669 si
1941 3609 2095 3670 ante
2139 3604 2477 3669 biennium
2525 3606 2639 3671 de-

279 3716 599 3784 cessisset
643 3716 713 3780 in
770 3713 1142 3795 Campania,
1208 3711 1524 3777 defuisset
1581 3711 1882 3777 fortunae
1931 3711 2312 3777 destruendi
2357 3712 2500 3778 eius
2548 3713 2637 3778 lo-

281 3842 420 3890 cus,
447 3822 526 3887 cf.
574 3820 795 3905 Quint.
847 3823 1010 3884 1.10.
1057 3821 1197 3884 sub.
1242 3819 1349 3884 fin.
1398 3819 1733 3885 destruere
1756 3818 2186 3899 tyrannidem.
2235 3818 2413 3883 Curt.
2484 3824 2638 3902 8,14

281 3932 620 3998 destruere
666 3927 1178 4010 magnitudinem
1225 3927 1403 4009 ach'S.

501 4034 883 4099 Discordare
939 4039 1042 4099 est
1100 4033 1425 4098 translate
1472 4032 1852 4097 dissimilem
1884 4051 2027 4098 esse
2072 4039 2130 4098 2.
2160 4035 2308 4115 53,3
2378 4032 2449 4096 111
2494 4036 2637 4096 tan-

259 4150 428 4209 ·tum
473 4142 543 4207 in
589 4142 703 4207 illo
761 4142 900 4208 viro
948 4161 988 4206 a
1035 4159 1107 4206 se
1156 4139 1570 4205 discordante
1613 4139 1897 4223 fortuna,
1948 4145 2025 4220 ut
2069 4145 2190 4205 etc.
2238 4138 2462 4204 eodem
2507 4156 2638 4203 mo-

282 4250 365 4315 do
413 4222 954 4332 Quint.⁰verbum
998 4246 1202 4329 ponit.
1249 4252 1377 4331 8,3.
1423 4250 1578 4312 ante
1624 4246 1798 4312 med..
1831 4246 1916 4311 id.
1968 4250 2136 4328 11,3.

498 4351 743 4419 Illicere
788 4356 869 4419 ab
917 4354 1180 4436 optimis
1227 4352 1654 4435 scriptoribus
1700 4354 2047 4418 adhibetur
2090 4354 2158 4417 in
2205 4351 2439 4416 malam
2486 4369 2635 4432 par-

276 4467 453 4545 .tem;
507 4462 606 4527 ita
651 4461 818 4526 Vell.
881 4460 1375 4543 2.13‚2-veluti
1422 4460 1814 4526 inescandae
1874 4458 2369 4538 illiciendaeque
2416 4458 2635 4524 multi-
