3096 5091
1394 524 1745 582 ..-7-

382 719 558 783 bene
617 716 917 781 eruditus
978 715 1361 793 habebatur,
1425 712 1556 777 nisi
1602 712 1715 793 qui
1762 712 2095 777 rhetorum
2142 711 2384 776 scholis
2429 708 2749 775 formatus

385 821 872 903 institutusque
916 819 1143 905 erat*)

607 946 908 1011 Alterum
939 945 1175 1010 vitium
1208 950 1328 1026 est,
1378 945 1550 1025 quod
1594 950 1948 1026 argenteae
1995 943 2346 1008 latinitatis
2393 943 2748 1023 scriptores

389 1052 709 1119 orationis
738 1051 1080 1132 particulis
1109 1051 1469 1117 nectendae
1515 1069 1645 1116 non
1690 1050 1786 1116 ita
1834 1057 1987 1116 sunt
2033 1049 2335 1130 studiosi;
2381 1069 2525 1114 cum
2572 1047 2747 1115 enim

389 1160 646 1240 priores
692 1158 1009 1239 imprimis
1058 1158 1278 1223 Cicero
1324 1157 1622 1237 singulas
1670 1157 2031 1222 sententias
2080 1157 2436 1236 aptissimis
2484 1158 2745 1236 quibus-

391 1284 525 1346 que
587 1264 1171 1344 coniunctionibuS.
1231 1282 1397 1344 quae
1453 1264 1781 1345 dicuntur,
1830 1270 2094 1329 nectere
2140 1264 2469 1345 studeant,
2520 1269 2747 1328 contra

390 1371 693 1452 plerique
749 1378 1100 1452 argenteae
1169 1371 1410 1436 aetatis
1481 1371 1836 1449 scriptores
1916 1371 2357 1454 neglegentes,
2431 1370 2750 1451 quomodo<

390 1497 529 1544 una
560 1479 888 1544 sententia
918 1497 998 1544 ex
1045 1478 1257 1542 altera
1303 1485 1460 1556 apta
1505 1478 1613 1557 sit,
1661 1478 1942 1559 legentis
1991 1476 2206 1541 animo
2255 1477 2746 1542 coniectandum

388 1585 797 1666 relinquunt.
882 1603 1008 1665 quo
1056 1585 1300 1649 iactum
1365 1591 1485 1663 est,
1550 1590 1623 1648 ut
1662 1602 1973 1648 numerus
2034 1583 2520 1666 particularum,
2582 1603 2744 1664 quas

389 1691 659 1773 quidem
688 1692 1003 1772 plurimas
1052 1691 1302 1770 priores
1349 1695 1853 1772 usurpaverunt,
1902 1691 2110 1771 magis
2158 1691 2495 1773 magisque
2540 1691 2755 1755 minu-

391 1806 622 1864 eretur
652 1804 854 1877 atque
916 1798 1267 1862 nonnullae
1314 1803 1416 1861 ut:
1467 1794 1976 1880 quandoquidem,
2022 1796 2154 1877 etsi,
2203 1799 2461 1879 tametsi,
2508 1804 2750 1880 utpote,

390 1906 569 1969 aliae
638 1905 705 1969 in
754 1924 877 1970 usu
924 1922 1067 1971 esse
1129 1904 1387 1968 omnino
1461 1903 1850 1969 desinerent.
1942 1902 2050 1987 (cf.
2125 1904 2382 1985 Zumpt,
2447 1905 2750 1969 Berliner

401 2012 825 2077 Jahrbiicher
880 2017 1066 2076 1837.
1113 2012 1229 2075 No,
1282 2010 1412 2093 74).
1461 2010 1633 2075 aliae
1680 2029 1851 2075 nova
1881 2011 2136 2076 ratione
2185 2018 2380 2090 atque
2426 2012 2751 2091 significa-

389 2119 577 2183 tione
626 2117 1136 2197 adhibebantur3
1187 2136 1336 2181 nam
1406 2117 1547 2179 mor
1616 2118 1940 2198 particula
1999 2118 2280 2182 sumitur
2327 2137 2442 2198 pro
2506 2116 2754 2198 deinde,

395 2230 725 2308 quatenus·
751 2243 866 2305 pro
914 2225 1063 2306 quia
1121 2230 1241 2288 etc,
1290 2226 1511 2306 itaque,
1577 2243 1864 2306 namque,
1910 2224 2061 2308 quin
2103 2225 2305 2303 etiam,
2350 2227 2497 2308 quae‘n
2547 2226 2751 2306 imme,

388 2329 695 2414 siquidem
739 2331 1120 2414 particulae,
1171 2349 1338 2410 quae
1385 2330 1662 2411 primum
1710 2349 1963 2411 semper
2024 2331 2494 2396 enuntiationis
2543 2332 2752 2396 locum

392 2436 577 2517 apud
637 2436 886 2517 priores
941 2444 1188 2518 tenent,
1255 2457 1294 2501 a
1351 2437 1822 2501 recentioribus
1878 2437 2157 2502 secundo
2216 2438 2319 2502 vel
2368 2439 2563 2503 tertio
2611 2438 2753 2502 loco

394 2544 823 2609 collocantur.
887 2562 1016 2625 qua
1073 2563 1153 2609 ex
1215 2563 1286 2609 re
1343 2543 1750 2609 audaciorem
1818 2564 2071 2625 quoque
2121 2544 2753 2626 frequentioremque

394 2650 889 2732 participiorum
941 2670 1128 2717 usum
1176 2651 1539 2717 ducendum
1588 2670 1751 2736 esse,
1800 2651 1993 2717 facile
2042 2652 2464 2734 intellegitur.-

616 2775 906 2840 Tertium
955 2786 1057 2841 est
1090 2777 1321 2841 vitium
1354 2775 1707 2841 latinitatis
1739 2782 2090 2857 argenteae
2135 2777 2330 2858 idque
2377 2780 2757 2862 maximum,

395 2879 575 2959 quod
622 2882 968 2962 verborum
1039 2885 1622 2965 componendorum
1674 2885 1844 2949 ratio
1891 2904 2156 2966 prorsus
2222 2869 2359 2950 alia
2399 2894 2499 2951 est
2554 2895 2761 2966 atque·

396 3005 606 3052 aurea
665 2993 915 3068 aetate,
974 2992 1196 3074 verba,
1257 3009 1424 3071 quae
1484 2992 1735 3072 priores
1799 2992 1865 3056 in
1924 3011 2045 3057 usu
2094 3012 2221 3058 non
2268 2995 2602 3058 habebant
2647 2995 2756 3059 vel

397 3112 573 3173 quae
633 3113 673 3158 a
719 3096 927 3175 poetis
974 3099 1419 3162 tantummodo
1469 3099 1967 3180 adhibebantur,
2019 3101 2405 3181 posteriores
2451 3101 2516 3164 in
2566 3119 2753 3165 usum

393 3206 884 3285 converterunt,
932 3222 1139 3283 neque
1187 3204 1675 3286 dubitaverunt,
1726 3224 1915 3270 voces
1949 3225 1983 3271 e
2031 3207 2406 3286 quotidiano
2457 3226 2762 3272 sermone

394 3307 666 3388 petitaS,
737 3328 898 3389 quas
933 3310 1188 3375 erudite
1243 3330 1480 3376 aureae
1542 3313 1782 3376 aetatis
1840 3313 2188 3393 scriptores
2237 3314 2303 3377 in
2363 3314 2564 3379 libros
2625 3333 2750 3379 non

396 3413 823 3495 admiserunt,
886 3417 1212 3497 arripere,
1276 3418 1609 3482 nonnullis
1657 3437 1912 3499 quoque
1960 3420 2090 3484 alia
2138 3420 2530 3500 significatio
2579 3423 2764 3486 subi-

397 3520 716 3586 ciebatur.
755 3523 978 3602 itaque
1011 3531 1077 3587 et
1131 3524 1567 3590 obsoletorum
1601 3533 1665 3590 et
1698 3544 2012 3590 novorum
2058 3528 2401 3592 verborum
2450 3548 2760 3608 magnum

395 3645 742 3693 numerum
790 3630 912 3693 hac
961 3637 1181 3696 aetate
1226 3631 1617 3715 invenimus,
1665 3632 1732 3696 id
1780 3633 1951 3714 quod
1998 3633 2167 3697 idem
2216 3634 2463 3700 Seneca
2511 3637 2755 3717 epistu-

399 3735 467 3798 la
494 3734 851 3799 centesima
885 3736 1135 3802 decima
1161 3745 1393 3817 quarta
1444 3739 1803 3821 vituperat,
1856 3759 1999 3804 cum
2047 3744 2456 3823 paragrapho
2506 3744 2754 3809 decima

394 3841 593 3905 djcit:
656 3837 813 3903 Cum
861 3844 1128 3906 assuevit
1172 3847 1419 3908 animus
1446 3844 1796 3928 fastidire,
1842 3866 1995 3930 quae
2041 3867 2114 3909 ex
2157 3866 2322 3910 more
2369 3857 2515 3913 sunt
2560 3857 2615 3913 et
2661 3851 2756 3914 ilci

390 4036 450 4104 *)
489 4032 715 4088 Adnot.:
768 4033 910 4088 Illud
961 4050 1185 4104 quoque,
1239 4038 1378 4104 quod
1415 4038 1642 4091 Romani
1691 4039 1836 4093 illius
1884 4041 2082 4094 aetatis
2119 4041 2407 4104 abstracte,
2445 4047 2510 4095 ut
2545 4058 2641 4096 nos
2678 4043 2764 4096 di*

494 4124 662 4176 cimus
686 4123 831 4190 loqui
881 4130 1044 4191 atque
1083 4125 1313 4180 scribere
1351 4132 1735 4196 assuescerent,
1794 4128 1849 4183 id
1887 4131 2028 4196 quod
2066 4145 2271 4198 semper
2322 4132 2531 4185 ruentis
2571 4132 2763 4198 liguae

495 4217 581 4266 est
617 4212 706 4280 (cf.
746 4212 943 4281 Haase,
977 4213 1352 4284 Vorlesungen
1391 4216 1529 4271 iiber
1568 4217 1662 4272 lat.
1685 4218 2261 4286 Sprachwissenschaft
2296 4220 2377 4273 ed-
2407 4221 2663 4274 Eckstein
2698 4236 2750 4288 p.

500 4301 607 4355 1524
656 4306 713 4354 et
761 4304 876 4370 69.)
930 4319 1183 4371 magnam
1219 4311 1429 4373 partem
1468 4307 1592 4360 inde
1630 4309 1832 4361 iactum
1872 4314 1970 4374 est,
2010 4324 2126 4362 cum
2165 4309 2406 4363 rhetores
2445 4309 2752 4376 saepissime

499 4390 568 4443 de
590 4389 765 4458 rebus,
819 4406 955 4457 quae
992 4394 1147 4460 tangi
1186 4398 1240 4447 et
1278 4395 1636 4449 demonstrari
1671 4412 1778 4449 non
1814 4403 2055 4466 possunt,
2096 4400 2271 4452 animo
2310 4407 2491 4451 tamen
2530 4412 2752 4450 cernun-

486 4485 584 4533 tur
619 4483 676 4531 et
711 4478 1117 4549 intelleguntur,
1157 4481 1512 4550 disputarent.
