3096 5091
1236 520 1455 580 —.29
1504 551 1591 561 ,-

253 690 324 756 cf.
368 698 422 757 2.
449 695 546 775 6,1
588 695 782 776 longe
806 693 1265 775 praestantior.
1313 698 1371 758 2.
1408 697 1531 775 6,2.
1582 697 1638 758 2.
1664 700 1834 777 40,3.
1883 701 1938 760 2.
1966 701 2135 779 45,5.
2163 698 2352 780 longe
2383 699 2591 763 maxi-

253 817 388 863 mus
432 805 728 882 2.119,4.
777 801 1055 881 saepius.

449 925 803 1006 Adverbia,
832 944 1000 1006 quae
1025 926 1200 1006 apud
1230 925 1558 993 Velleium
1584 925 1861 1006 primum
1889 932 2171 1011 exstant,
2208 934 2362 993 sunt
2392 930 2587 1010 haec;

453 1028 641 1093 Furto
701 1051 816 1113 pro
879 1032 1125 1097 furtim.
1177 1035 1233 1096 2.
1271 1035 1415 1114 63‚1
1485 1032 1662 1096 furto
1726 1038 1984 1098 creatus
2030 1034 2341 1113 pontifex.
2390 1033 2583 1120 (Plin.

245 1143 281 1201 8
320 1143 464 1219 46‚1
515 1139 812 1219 hyaenae
860 1157 1093 1219 parere
1141 1138 1370 1204 furtim
1418 1136 1741 1219 cupiunt.)

446 1263 768 1327 Honorate
826 1265 993 1329 Adv.
1058 1267 1140 1328 ab
1204 1266 1564 1329 honoratus
1633 1268 1690 1329 2.
1759 1268 1949 1340 1293
2015 1285 2206 1346 quam
2266 1267 2449 1331 illum
2508 1274 2588 1331 ut

236 1369 538 1436 honorate
592 1372 688 1436 sic
736 1389 964 1438 secure
1009 1372 1317 1437 continet.
1367 1372 1545 1455 (Tac.
1595 1373 1745 1436 hist.
1793 1378 1939 1437 4.63
2010 1374 2336 1439 honorate
2393 1375 2582 1453 alqm.

236 1479 565 1543 custodire.
613 1479 756 1543 Val.
804 1479 977 1542 Max.
1029 1484 1215 1542 2.10.
1264 1498 1323 1542 n.
1374 1477 1460 1563 2.)

441 1583 723 1666 Infacete
793 1596 895 1651 est
964 1586 1222 1652 minime
1293 1585 1528 1670 facete,
1602 1587 1851 1652 insulse
1920 1594 1977 1652 2.
2023 1593 2174 1670 33,4
2236 1588 2583 1652 Lucullum

233 1694 399 1758 haud
494 1692 777 1759 infacete
862 1695 1144 1776 Magnus
1220 1695 1571 1774 Pompeius
1616 1694 1886 1759 Xerxen
1964 1698 2263 1776 togatum
2338 1713 2579 1760 vocare

231 1807 624 1866 assueverat.

433 1923 690 1989 Privato
762 1933 818 1991 2.
847 1933 999 2008 99,4
1064 1946 1180 2008 pro
1231 1926 1558 2005 privatim.
1645 1926 1992 1992 convenire
2055 1927 2245 2006 alqm.
2309 1927 2588 2006 privatO.

229 2031 507 2116 (privato
571 2035 771 2100 semel
833 2033 1282 2099 tantummodo
1329 2034 1658 2113 reperitur
1703 2034 1847 2098 Liv.
1896 2032 2128 2114 fragm.
2178 2034 2352 2114 apud
2401 2035 2578 2099 Pris-

227 2142 384 2206 cian.
439 2147 536 2207 15.
585 2163 644 2222 p.
698 2148 885 2207 1009.
932 2145 1191 2223 privato
1240 2161 1358 2206 nos
1406 2143 1751 2218 tenuisse.)

432 2271 650 2330 θύσατε
696 2268 863 2331 Adv.
911 2286 1264 2332 asecurus.
1314 2270 1612 2348 2.129,3.
1662 2266 1886 2330 eadem
1933 2266 2410 2347 significatione
2467 2285 2584 2330 ex-

225 2381 348 2439 stat
373 2375 549 2455 apud
566 2376 709 2439 Vai.
736 2374 908 2439 Max.
944 2379 1002 2438 4.
1030 2382 1090 2438 7.
1118 2395 1179 2439 n.
1217 2380 1271 2438 1.
1299 2380 1572 2438 externa
1600 2373 1777 2437 Suet.
1828 2372 1967 2437 Tib.
2006 2378 2107 2436 20.
2139 2373 2306 2437 Plin.
2343 2375 2582 2455 35,8,2.

435 2480 960 2565 Teryisversantar
1004 2471 1213 2565 (ἅπαξ
1252 2475 1645 2564 λεγόμενον)
1700 2487 1752 2544 1.
1803 2484 1907 2560 9,3
1955 2479 2027 2543 L.
2060 2480 2380 2544 Aemilius
2410 2480 2584 2544 Pau·
2623 2532 2636 2548 .

220 2589 332 2672 lus,
369 2591 483 2670 qui
531 2590 611 2653 ad
663 2590 920 2654 Cannas
970 2608 1161 2669 quam
1208 2591 1764 2670 tergisversanter
1809 2588 2242 2667 perniciosam
2289 2606 2575 2670 pugnam

223 2696 476 2779 inierat,
544 2704 677 2761 tam
750 2696 1010 2761 fortiter
1076 2697 1145 2761 in
1194 2716 1270 2761 ea
1319 2703 1590 2761 mortem
1624 2678 1893 2760 obierat.
1944 2694 2397 2779 (impiam-sari
2440 2714 2585 2759 sae—

222 2805 363 2883 pius
413 2804 749 2868 invenitur
795 2804 968 2883 apud
1016 2803 1142 2868 Cic.
1191 2804 1336 2868 Liv.
1386 2800 1597 2885 alios)

449 2927 666 3011 Verba,
705 2948 870 3009 quae
888 2929 1392 3009 apudVelleium
1412 2929 1689 3009 primum
1724 2928 2169 3009 inveniuntur,
2206 2931 2360 2991 sunt
2385 2928 2567 2989 haec:

428 3036 777 3100 Auctorare
809 3042 910 3101 θεῖ
942 3036 1254 3118 obligare,
1290 3035 1572 3100 vendere
1620 3035 1762 3099 alci.
1791 3034 2129 3113 speciatim
2165 3033 2571 3113 gladiatores

224 3151 563 3210 auctorare
627 3163 697 3209 se
761 3144 1159 3208 dicebantur.
1225 3149 1281 3207 2.
1332 3147 1476 3223 30‚1
1544 3141 1861 3207 Romanis
1909 3148 2151 3205 certam
2203 3140 2570 3219 victoriam,

216 3252 512 3330 partibus
548 3251 681 3315 suis
715 3250 1058 3330 excidium,
1109 3249 1229 3313 sibi
1280 3250 1723 3328 turpissimam
1772 3261 2042 3311 mortem
2091 3247 2373 3327 pessimo
2422 3265 2575 3310 auc-

214 3360 458 3424 toravit
505 3358 810 3422 facinore.

429 3482 974 3565 Circumnaviyore
1037 3471 1245 3564 (ἅπαξ
1300 3474 1693 3562 λεγόμενον)
1754 3485 1855 3543 θεῖ
1917 3480 2088 3542 circa
2133 3477 2462 3558 navigare
2513 3484 2578 3542 2.

215 3597 401 3675 106,3
454 3591 682 3656 classis
731 3609 896 3670 quae
945 3588 1186 3655 Oceani
1235 3587 1915 3670 circumnavigaverat
1960 3585 2156 3650 sinus,

425 3716 812 3800 Dispunyere
842 3723 996 3781 ante
1043 3716 1367 3781 Velleium
1416 3714 1728 3794 scriptum
1762 3731 1892 3776 non
1922 3710 2281 3791 invenitur,
2336 3729 2563 3790 quam-

211 3845 400 3905 quam
441 3843 570 3890 non
605 3824 868 3888 dubium
901 3830 1019 3905 est,
1055 3823 1212 3902 quin
1260 3826 1456 3886 antea
1501 3821 1572 3884 in
1619 3839 1741 3884 usu
1789 3818 2010 3883 fuerit.
2067 3821 2120 3881 l.
2152 3823 2299 3899 13,3
2354 3835 2569 3897 neque

210 3934 379 3998 enim
426 3932 766 4012 quisquam
816 3931 937 3995 hoc
985 3929 1287 4009 Scipione
1335 3927 1703 4010 elegantius
1751 3926 2104 3992 intervalla
2150 3922 2564 4005 negotiorum

212 4039 337 4105 otio
402 4038 757 4119 dispunxit.
821 4037 899 4102 ci.
965 4037 1187 4102 Senec.
1234 4036 1485 4101 Brevit.
1535 4034 1650 4099 vit.
1707 4041 1739 4096 7
1816 4033 2133 4114 dispunge
2184 4037 2251 4096 et
2298 4049 2567 4095 recense

209 4147 388 4212 vitae
435 4151 594 4210 tuae
643 4145 797 4210 dies

424 4269 779 4334 Exarmare
835 4274 937 4334 est
1001 4288 1185 4333 arma
1248 4269 1612 4351 detrahere,
1678 4266 1877 4331 armis
1947 4262 2224 4344 spoliare
2303 4266 2359 4324 2.
2413 4262 2557 4340 17,1

207 4377 484 4444 Romani
539 4378 734 4443 victis
797 4376 1206 4456 adflictisque
1284 4377 1413 4458 ipsi
1474 4373 1792 4441 exarmati
1856 4391 2048 4452 quam
2110 4367 2351 4447 integri
2422 4367 2565 4430 uni-

217 4486 425 4551 versis
474 4485 806 4549 civitatem
859 4483 1014 4547 dare
1060 4484 1446 4549 maluerant.
1496 4486 1553 4547 2.
1582 4484 1729 4562 25,3
1799 4478 2023 4543 consul
2070 4480 2463 4539 exarmatus.
