3096 5091
1476 495 1828 557 ...42—

467 689 588 755 dus
620 688 793 754 circa
824 695 1081 754 centum
1115 693 1184 753 et
1217 687 1456 769 viginti
1489 705 1696 752 annos
1741 686 2094 751 distinctus
2140 686 2224 749 ab
2271 683 2538 749 Homeri
2584 689 2848 750 aetate,

681 812 878 896 Infra
931 813 1248 894 imprimis
1314 831 1354 876 a
1413 812 1887 877 recentioribus
1952 810 2032 876 de
2094 810 2303 893 gradu
2351 812 2607 877 dicitur.
2659 809 2849 875 Veli-

468 919 524 980 2.
550 924 699 1002 83,1
745 919 918 985 infra
972 937 1198 986 servos
1246 919 1465 984 cliens.
1514 925 1574 983 2.
1605 924 1786 999 12Ο,1
1868 937 1937 984 se
1981 918 2158 983 infra
2203 919 2474 985 aliorum
2522 917 2848 983 aestima·

466 1027 678 1093 tiones
726 1028 954 1092 metiri.

679 1166 866 1232 Intra
946 1168 1157 1234 Cic.et
1235 1167 1390 1232 Caes.
1469 1187 1820 1248 numquam
1901 1167 1979 1232 de
2054 1174 2346 1249 tempore
2394 1169 2646 1234 dicunt.
2721 1165 2850 1253 (cf-

463 1274 761 1358 Draeger
790 1277 937 1342 hist.
1007 1275 1259 1358 Syntax
1273 1276 1324 1340 Ι.
1347 1294 1404 1356 p.
1427 1272 1584 1359 612)
1603 1275 1892 1340 Velleius
1911 1277 2120 1357 2.14,l
2143 1276 2320 1341 intra
2346 1295 2588 1358 paucas
2611 1277 2849 1341 horas-

467 1387 709 1464 1.16,3
794 1384 969 1448 intra
1033 1383 1383 1448 biennium.
1441 1388 1497 1447 2.
1534 1385 1721 1463 111),2
1786 1383 1961 1447 intra
2022 1401 2262 1462 paucos
2319 1383 2458 1450 dies
2534 1387 2849 1463 2.117‚2·

462 1489 639 1554 intra
699 1489 987 1570 quinque
1043 1490 1196 1556 dies
1245 1491 1455 1555 rarior
1517 1489 1823 1568 loquendi
1878 1489 2049 1553 ratio
2107 1494 2327 1554 exstat
2398 1497 2446 1555 1.
2476 1497 2599 1571 5,3.
2650 1490 2856 1555 intra.

461 1597 639 1662 mille
683 1602 910 1662 natum
960 1615 1121 1662 esse.
1180 1597 1261 1682 (z
1316 1608 1488 1662 etwa
1533 1615 1652 1662 vor
1695 1595 1971 1661 tausend
2019 1596 2266 1661 Jahren
2304 1599 2588 1680 geboren
2637 1596 2848 1676 sein.)

461 1708 528 1768 et
576 1707 856 1784 2.111,4
902 1703 1082 1768 intra
1127 1722 1199 1769 se
1246 1704 1480 1768 furere.

682 1843 768 1909 Ob
836 1865 980 1911 cum
1048 1846 1426 1926 pronomine
1500 1844 1721 1909 neutri
1782 1845 2038 1927 generis
2106 1845 2518 1912 coniunctum
2586 1846 2748 1911 inde
2796 1864 2848 1908 a

459 1953 649 2019 Livio
721 1954 1071 2019 invenitur.
1121 1951 1445 2037 (Draeger
1521 1952 1574 2017 I.
1644 1970 1703 2032 p.
1777 1958 1933 2034 592)
2006 1952 2170 2017 Vell.
2243 1957 2521 2034 2.112,1
2598 1954 2682 2018 ob
2747 1951 2847 2018 id.

462 2063 741 2142 2.115,2
791 2063 870 2126 ob
919 2079 1013 2125 ea.

672 2199 800 2265 Per
855 2204 935 2267 ab
999 2206 1349 2283 argenteae
1395 2200 1748 2265 latinitatis
1797 2200 2232 2282 scriptoribus
2281 2203 2438 2268 solis
2486 2221 2634 2269 cum
2683 2222 2844 2286 pro-

460 2311 826 2375 nominibus
888 2314 1007 2375 aut
1063 2309 1407 2373 adjectivis
1455 2309 1675 2373 neutri
1721 2309 1985 2390 generis
2033 2309 2595 2375 substantivorum
2653 2328 2852 2376 more>

460 2417 694 2498 positis
741 2416 1174 2498 coniungitur.
1224 2415 1388 2481 Vell.
1439 2419 1495 2480 2.
1524 2420 1674 2495 94,3
1723 2433 1839 2496 per
1884 2415 1968 2479 id.
2019 2417 2075 2479 2.
2114 2418 2298 2499 102,3
2346 2434 2463 2497 per
2510 2435 2697 2497 quae.

673 2560 918 2624 mentio
985 2576 1240 2639 quoque
1310 2559 1610 2624 facienda
1676 2565 1778 2624 est
1837 2559 2188 2624 locutionis
2239 2578 2359 2641 per
2403 2560 2643 2643 omnia,
2724 2556 2836 2626 cui

461 2667 780 2732 formulae
837 2667 1365 2748 exaggerationis
1413 2666 1604 2732 valde
1653 2666 1875 2730 studet
1907 2665 2215 2731 Velleius,
2265 2666 2529 2750 (Livius
2575 2668 2834 2748 primus

462 2794 539 2840 ea
582 2781 758 2838 'usus
807 2770 954 2857 est.)
1011 2776 1264 2856 2.31,1.
1327 2776 1383 2836 2.
1414 2774 1582 2854 33,1.
1643 2778 1699 2836 2.
1730 2778 1897 2854 35,2.
1947 2779 2004 2838 2.
2036 2778 2212 2854 4Ο,2.
2264 2779 2321 2838 2.
2350 2780 2517 2855 69,6.
2569 2781 2625 2838 2.
2659 2776 2846 2856 79,1,,

463 2883 717 2963 2.93‚3.
768 2883 1065 2960 2.100‚3.
1115 2882 1411 2962 2.125,5.
1462 2882 1761 2959 2.127,1.
1813 2884 2111 2961 2.130‚5.

454 3116 459 3121 .
675 3019 873 3085 Penes
952 3022 1125 3101 alqm
1186 3021 1403 3086 rarius
1465 3021 1708 3087 dicitur
1755 3022 1834 3087 de
1899 3022 2238 3104 qualitate,
2303 3041 2476 3103 quae
2522 3025 2699 3090 inest
2761 3026 2836 3092 in

461 3130 698 3210 aliquo
749 3129 1087 3210 (Draeger.
1133 3130 1184 3194 Ι.
1233 3148 1291 3208 p.
1343 3128 1499 3213 586)
1551 3128 1629 3193 cf.
1677 3129 1844 3194 Vell.
1895 3133 1950 3193 2.
1981 3135 2148 3212 30,6.

681 3268 833 3333 Post
874 3273 955 3336 ab
991 3271 1250 3352 optimis
1284 3271 1713 3353 scriptoribus
1760 3291 2112 3352 numquam
2160 3272 2442 3336 sumitur
2489 3271 2568 3336 de
2614 3271 2832 3355 digni·-

464 3384 608 3445 tate
672 3384 789 3444 aut
840 3379 1049 3461 gradu
1089 3378 1391 3444 secundo.
1440 3380 1764 3461 (Draeger
1809 3380 1858 3444 Ι.
1907 3398 1966 3460 p.
2017 3376 2175 3462 599)
2222 3380 2512 3444 Velleius
2560 3377 2722 3443 dicit
2769 3381 2847 3443 2-

465 3490 611 3568 99‚1
665 3485 901 3551 civium
948 3490 1098 3566 post
1145 3504 1344 3550 unum
1393 3486 1959 3550 eminentissimus,

689 3624 870 3690 Ultra
917 3628 996 3693 de
1027 3634 1318 3709 tempore
1353 3627 1435 3710 (-.-
1465 3630 1626 3693 iiber
1655 3627 1923 3710 hinaus)
1956 3632 2307 3709 argenteae
2338 3629 2579 3694 aetatis
2623 3629 2842 3709 scrip--

467 3739 644 3798 tores
691 3734 813 3797 soli
846 3734 1169 3799 dixerunt.
1218 3739 1296 3799 ci.
1347 3735 1511 3800 Vell.
1567 3738 1618 3798 1.
1692 3737 1794 3817 2,7
1847 3733 2061 3799 odjum
2113 3734 2290 3798 ultra
2336 3742 2578 3800 metum
2613 3735 2825 3801 durat.

692 3872 914 3958 Usque,
961 3875 1131 3955 quod
1175 3877 1439 3958 proprie
1487 3881 1588 3941 est
1637 3875 2018 3941 adverbium
2067 3876 2149 3940 ab
2197 3876 2461 3957 optimis
2494 3876 2824 3957 scriptori-

468 3984 591 4048 bus
642 3982 1086 4047 tantummodo
1120 3983 1540 4065 coniungitur
1572 4001 1715 4047 cum
1748 3982 2150 4047 accusativis
2184 3982 2441 4048 urbium
2472 3984 2822 4062 nominum;

466 4091 621 4156 inde
670 4109 709 4155 a
753 4089 947 4154 Livio
995 4108 1140 4154 cum
1207 4089 1353 4154 aliis
1401 4108 1657 4170 quoque
1704 4090 2137 4155 substantivis
2184 4090 2469 4170 ponitur.
2515 4090 2681 4156 Vell.
2730 4090 2821 4155 di-

470 4199 562 4264 cit
611 4200 667 4261 2.
697 4199 800 4279 6,2
851 4214 1056 4276 usque
1104 4197 1307 4276 Alpes
1356 4196 1691 4262 civitatem
1740 4197 2108 4262 extendere.

683 4339 783 4403 Ab
829 4339 1228 4420 praepositio
1276 4338 1577 4419 sequitur
1622 4339 2013 4404 adiectivum
2076 4340 2387 4404 immunis,
2437 4342 2671 4422 2.12,3
2735 4339 2838 4403 ab»

470 4447 762 4512 arbitriis
810 4446 1001 4531 (Vell.
1048 4443 1246 4530 Plin.)
