3096 5091
1447 527 1533 539 .-.
1588 499 1665 558 16
1713 529 1794 540 ...-

650 688 887 749 Aenum
936 688 1176 752 dicitur
1222 693 1502 771 tempus,
1553 687 1726 769 quod
1771 687 2031 752 initium
2082 688 2341 768 quidem
2388 689 2615 769 habet,
2700 691 2834 755 sed

433 794 561 859 fine
617 799 821 873 caret;
871 794 1201 875 significat
1246 793 1454 875 igitur
1500 795 1812 875 temporis
1893 794 2417 874 perpetuitatem.
2481 814 2520 858 a
2589 797 2832 876 poetis

435 919 643 967 aevum
692 900 960 980 ponitur
1006 919 1121 981 pro
1173 919 1562 981 quocunque
1608 902 1922 981 temporis
1970 901 2218 984 spati0‚
2290 918 2451 981 quos
2500 902 2830 969 Velleius

437 1012 697 1072 secutus
745 1016 863 1072 est.
939 1011 994 1071 2.
1025 1014 1169 1089 26,1
1222 1027 1432 1072 aevum
1481 1012 1843 1088 paternum.
1917 1014 1973 1072 2.
2003 1013 2152 1091 36,3
2225 1013 2520 1073 nostrum
2570 1028 2827 1075 aevum.

435 1120 492 1178 2.
518 1119 668 1195 89,6
719 1133 906 1178 0111113
953 1115 1076 1178 aevi
1124 1115 1226 1179 sui
1275 1115 1559 1193 spatium
1606 1114 1985 1195 impendere
2032 1115 2101 1179 in
2150 1115 2319 1195 alqd.

645 1218 1003 1303 Alloquium
1049 1226 1150 1284 est
1173 1220 1499 1302 allocutio,
1553 1239 1762 1285 sermo
1790 1239 1935 1285 cum
1969 1221 2097 1285 alio
2124 1221 2409 1302 habituS,
2507 1221 2818 1301 primum

432 1326 767 1392 invenitur
811 1327 986 1407 apud
1034 1331 1260 1406 poetas
1340 1327 1600 1410 (Horat.
1668 1327 1872 1408 Epod.
1950 1333 2159 1409 13,18.
2252 1327 2441 1393 Ovid.
2487 1328 2703 1394 Trist.
2762 1336 2829 1396 1.

433 1439 561 1516 4,3.
606 1434 768 1498 ibid.
821 1431 1016 1517 7,l7).
1109 1433 1238 1498 Sed
1304 1434 1536 1499 Livius
1606 1452 1863 1516 quoque
1908 1441 2249 1515 poetarum
2326 1437 2626 1515 exemplo
2685 1439 2823 1502 hac

432 1559 592 1606 voce
639 1558 795 1605 usus
865 1545 982 1604 est.
1036 1545 1091 1622 1,
1122 1545 1223 1606 34.
1296 1546 1508 1621 24,24.
1604 1541 1767 1606 Vell.
1819 1547 1875 1605 2.
1910 1546 2053 1623 123,
2107 1546 2143 1604 3
2179 1540 2595 1606 subrefectus
2660 1563 2824 1609 con-

453 1653 679 1728 spectu
728 1646 1159 1727 alloquioque.

647 1769 981 1853 Amplexus
1038 1776 1227 1836 actus
1290 1771 1740 1852 amplectenti,
1806 1772 2268 1850 praeeuntibus
2315 1772 2527 1851 poetis
2579 1776 2820 1853 posuit

434 1878 597 1950 Vell,
649 1884 704 1942 2.
762 1884 952 1961 123,2
1004 1879 1437 1944 circumfundi
1487 1879 1896 1958 amplexibus
1945 1878 2367 1961 3110111113(οῘ.
2399 1880 2600 1960 Verg.
2637 1882 2816 1948 Aen.

442 1991 494 2049 1.
546 1991 691 2049 687.
786 1985 963 2049 Ο1·1(1.
1012 1987 1164 2050 Met.
1220 1991 1320 2069 11,
1373 1990 1501 2049 228
1550 1985 1645 2049 ire
1692 1985 1758 2049 in
1810 1985 2164 2065 amplexus
2238 1984 2393 2049 ibid.
2443 1985 2669 2070 9.52.).

648 2093 864 2155 Arcus.
916 2092 1079 2156 itaa
1127 2092 1341 2171 poetis
1378 2092 1508 2156 Iris
1569 2092 1891 2172 appellari
1946 2092 2113 2156 solet
2160 2092 2378 2172 (Verg.
2422 2093 2592 2158 Aen.
2634 2100 2815 2177 5,88.

436 2195 670 2278 Georg.
723 2204 778 2262 1.
829 2204 974 2262 381.
1069 2199 1364 2278 Propert.
1416 2204 1472 2262 3.
1525 2201 1692 2280 3,54.
1786 2199 2015 2263 Horat.
2042 2200 2171 2263 Ars
2214 2204 2365 2279 poet.
2406 2204 2502 2264 18.
2557 2201 2811 2267 Tibull.

440 2308 495 2367 1.
521 2303 719 2388 4,38.)
791 2304 957 2370 Vell.
1007 2311 1063 2369 2.
1093 2309 1240 2387 59,ss
1314 2305 1470 2369 solis
1518 2306 1693 2370 orbis
1740 2305 1809 2369 in
1858 2306 2138 2369 colorem
2208 2324 2399 2370 arcus
2467 2307 2819 2374 rodunda-

443 2416 551 2474 tus
600 2416 981 2490 conspectus
1029 2416 1146 2475 est.

532 2566 537 2570 .
656 2514 1039 2599 Auspicium.
1135 2518 1424 2599 auspicio
1452 2519 1730 2584 alicuius
1778 2536 1893 2599 pro
1929 2517 2108 2601 duce,
2141 2517 2547 2598 imperatore
2581 2521 2814 2603 aliquo

435 2623 752 2704 imprimis
779 2630 1009 2703 poetae
1067 2623 1306 2689 dicunt.
1341 2626 1506 2690 Vell.
1543 2632 1600 2690 2.
1634 2630 1780 2708 49,1
1812 2625 2124 2705 auspiciis
2156 2626 2466 2704 Pompeii.
2503 2634 2568 2709 2,
2608 2634 2812 2714 129,4

429 2729 745 2811 auspiciis
795 2731 1214 2811 consiliisque
1262 2732 1437 2814 alcjs
1490 2739 1547 2797 2.
1579 2737 1770 2813 115,3
1868 2731 2094 2814 (Verg.
2151 2730 2337 2796 Ovid.
2371 2732 2658 2818 Horat).

656 2834 910 2899 Candor
956 2837 1352 2903 transfertur
1377 2839 1459 2903 ad
1506 2840 1707 2904 animi
1741 2839 2023 2904 virtutes
2070 2843 2140 2902 et
2186 2839 2467 2903 sumitur
2497 2858 2623 2923 pro
2674 2844 2811 2908 sin·

441 2943 733 3023 ceritate,
783 2945 1126 3027 probitate.
1221 2945 1405 3011 Ovid.
1451 2946 1637 3011 Pont.
1685 2951 1835 3027 2,55
1886 2944 2125 3009 candor
2169 2944 2238 3009 in
2293 2946 2414 3010 hoc
2470 2965 2639 3014 aevo
2698 2969 2812 3016 res

439 3051 875 3116 intermortua
935 3070 1158 3133 paene.
1225 3051 1377 3118 ibid.
1435 3058 1606 3135 4,13.
1700 3052 1897 3117 Trist.
1961 3056 2018 3118 3.
2083 3057 2182 3115 67.
2255 3052 2500 3117 candor
2573 3056 2805 3129 animi.

432 3156 587 3224 Vell
636 3163 867 3240 2116,
920 3163 956 3223 5
1008 3177 1219 3239 neque
1266 3160 1435 3224 enim
1480 3160 1698 3224 iustus
1746 3158 1886 3224 sine
1940 3156 2274 3223 mendacio
2325 3160 2573 3226 candor
2624 3162 2805 3244 apud

434 3265 641 3334 bonos
675 3265 928 3331 crimini
960 3271 1079 3331 est.

657 3368 857 3455 Caput
930 3372 1234 3456 fluminis,
1305 3374 1373 3438 id
1443 3378 1542 3438 est
1614 3372 1777 3437 tons.
1846 3373 2013 3439 Vell.
2083 3378 2141 3437 2.
2172 3377 2363 3455 105,3
2430 3374 2517 3437 ad
2602 3379 2809 3457 caput

451 3478 709 3561 Lupiae
784 3477 1068 3545 fluminis
1159 3481 1432 3546 hiberna
1525 3480 1739 3544 locare
1832 3478 2091 3563 (Horat.
2186 3479 2392 3544 Oarm.
2477 3485 2533 3545 1.
2634 3486 2806 3564 1,22.

438 3585 702 3651 Lucret.
748 3584 1012 3669 4,729.).

658 3689 872 3758 DoteS.
921 3692 1094 3758 idem
1141 3697 1244 3758 est
1288 3711 1366 3756 ac
1389 3693 1672 3758 virtutes
1719 3689 1940 3777 (Ovid.
1965 3691 2118 3755 Met.
2155 3696 2217 3762 9.
2250 3696 2394 3756 746.
2428 3692 2547 3758 (103
2579 3693 2811 3758 formae

436 3798 571 3863 Ars
620 3816 739 3862 am.
789 3801 1002 3863 2112
1056 3798 1169 3865 dos
1237 3799 1500 3881 ingenii.
1573 3797 1837 3864 Heroid.
1920 3794 2236 3881 15,146.)
2327 3799 2493 3864 Vell.
2570 3804 2808 3882 1.12,3

446 3904 744 3970 omnibus
787 3906 944 3970 belli
969 3924 1046 3971 ac
1070 3911 1242 3988 togae
1289 3904 1546 3972 dotibus
1594 3904 1972 3987 ingeniique
2003 3923 2080 3969 ac
2112 3904 2480 3969 studiorum
2514 3907 2807 3972 eminen-

451 4011 761 4077 tissimus
2863 4086 2866 4088 ,

670 4115 1000 4202 Eloquium
1047 4119 1221 4184 idem
1267 4118 1405 4184 iere
1474 4123 1576 4184 est
1624 4122 1821 4198 atque
1890 4117 2289 4199 eloquentia.
2352 4117 2519 4183 Vell.
2572 4123 2630 4182 2.
2650 4122 2801 4198 68,2

443 4225 689 4291 Caelius
737 4226 841 4292 vir
886 4227 1144 4308 eloquio
1207 4227 1553 4309 animoque
1610 4225 1876 4290 Curioni
1925 4224 2298 4291 simillimus
2351 4223 2579 4311 (Verg.
2639 4225 2805 4289 Aen.

440 4333 659 4414 9‚383.
706 4337 936 4398 tonare
964 4334 1256 4414 eloquio.
1306 4332 1494 4400 ovid.
1537 4334 1727 4398 Pont.
1777 4338 1835 4397 2.
1884 4338 1941 4397 2.
1971 4336 2050 4396 51
2102 4332 2277 4397 nitor
2325 4330 2643 4413 eloquii).

658 4437 840 4503 Finis
886 4458 1002 4523 pro
1051 4445 1256 4506 morte
1303 4445 1676 4522 usurpatur.
1723 4439 1891 4505 Vell.
1945 4443 2001 4503 1.
2032 4443 2219 4515 123,2
2269 4457 2387 4504 1130
2448 4436 2810 4519 quidquam
