3096 5091
1462 501 1810 560 ..43—

648 690 865 756 Getera
912 690 1266 777 (iibrigenS,
1315 692 1404 756 im
1450 692 1798 773 Uebrigen.
1844 671 2075 764 τᾶλλα,
2124 684 2204 752 τά
2252 682 2505 771 λοιποί).
2566 694 2632 757 2.
2662 692 2836 768 46,2

431 804 655 865 cetera
678 801 1145 865 sanctissimus.
1175 806 1229 863 2.
1264 803 1458 879 119,4
1491 803 1708 863 cetera
1742 798 2018 877 quietus.
2052 795 2259 876 (Poet.
2285 796 2429 863 Liv.
2463 813 2623 859 raro
2659 794 2833 877 Cic.)

653 903 997 988 Ecquando
1022 924 1166 970 cum
1216 904 1536 984 particula
1582 923 1658 967 ne
1705 905 2118 970 coniunctum
2151 902 2483 969 rarissime
2515 901 2837 965 inveniri

428 1013 733 1095 Draeger
779 1014 1132 1077 confirmat.
1197 1010 1377 1094 (hist.
1427 1011 1681 1091 Syntax
1731 1011 1781 1076 I.
1829 1030 1887 1091 p.
1938 1009 2095 1093 318)
2179 1009 2343 1073 Vell.
2417 1012 2671 1091 2.14,2
2728 1026 2837 1072 ec-

436 1120 793 1199 *quandone
839 1120 1114 1183 similem
1162 1119 1285 1182 mei
1334 1117 1538 1183 civem
1587 1119 1852 1183 habebit
1896 1136 2003 1182 res
2050 1114 2352 1196 publica?

657 1223 745 1287 Et
790 1245 906 1305 pro
935 1226 1133 1289 etiam
1180 1230 1396 1289 exstat
1450 1232 1500 1289 1.
1531 1230 1655 1308 2,4.
1704 1243 1780 1290 ea
1827 1230 2215 1304 tempestate
2249 1227 2317 1287 et
2348 1222 2549 1302 Tyria
2578 1222 2837 1288 classis

426 1332 647 1398 Gadis
708 1333 1013 1397 condidit.
1068 1338 1120 1396 1.
1147 1338 1254 1414 4,3
1305 1352 1452 1397 nam
1526 1340 1593 1397 et
1638 1334 1833 1397 Iones
1879 1330 2155 1412 profecti
2210 1330 2488 1394 Athenis
2548 1335 2832 1408 partem

427 1440 724 1520 ‚regionis
770 1439 1132 1503 maritimae
1181 1458 1583 1520 occuparere.
1640 1443 1691 1503 1.
1720 1442 1823 1522 9,2
1883 1442 2131 1518 1.18,1.
2179 1442 2235 1501 2.
2264 1442 2389 1520 9,4.
2438 1437 2708 1501 celebre
2761 1441 2835 1499 et

447 1546 691 1614 Lucilii
737 1565 967 1610 nomen
1014 1545 1157 1610 fuit.
1209 1553 1442 1629 2.65,1.
1492 1553 1791 1628 2.111,1.
1841 1549 2138 1628 2.114,3.
2187 1543 2477 1630 (saepius
2523 1544 2631 1608 ita
2673 1562 2833 1624 par-

447 1653 652 1720 ticula
696 1654 799 1717 usi
847 1658 1001 1717 sunt
1047 1654 1278 1720 Livius
1327 1660 1393 1719 et
1436 1652 1878 1736 recentiores)

660 1765 714 1823 et
742 1779 858 1840 pro
891 1779 1100 1840 neque
1148 1761 1216 1825 in
1251 1761 1589 1825 enuntiato
1624 1761 1928 1843 negativo
1962 1759 2130 1824 dixit
2159 1759 2453 1825 Velleius
2502 1760 2558 1821 2.
2596 1760 2831 1838 108,2.

662 1867 1100 1932 Maroboduus
1163 1886 1291 1931 non
1354 1868 1851 1932 tumultuarium
1909 1884 2116 1946 neque
2173 1863 2516 1929 fortuitum
2599 1881 2833 1944 neque

444 1971 743 2038 mobilem
791 1978 846 2035 et
893 1991 974 2038 ex
1017 1974 1360 2039 voluntate
1407 1975 1779 2054 parentium
1812 1979 2218 2038 constantem
2253 1972 2604 2051 occupavit
2637 1971 2831 2052 prin-

449 2079 756 2159 cipatum.

661 2191 716 2247 et
761 2185 1023 2265 saepius
1072 2204 1264 2265 quam
1311 2187 1486 2267 apud
1516 2187 1765 2267 priores
1812 2186 2311 2251 transitionibus
2359 2186 2599 2266 servit3
2655 2204 2824 2250 non-

438 2311 798 2372 numquam
826 2297 1045 2357 autem
1089 2312 1233 2358 cum
1266 2294 1332 2359 vi
1367 2294 1643 2374 quadam
1675 2313 1790 2373 pro
1822 2314 1888 2359 re
1917 2313 2080 2376 vera,
2122 2296 2417 2376 profecto,
2461 2293 2821 2373 similibUS‚

446 2399 736 2480 positum
783 2405 901 2464 est.
952 2398 1030 2464 cl.
1080 2407 1137 2467 2.
1163 2406 1290 2482 4,2.
1340 2408 1395 2465 2.
1426 2407 1547 2483 5,2.
1599 2405 1829 2481 2.58,4.
1878 2406 1995 2465 etc.

661 2503 879 2589 Itaque
935 2508 1322 2586 particulam
1385 2507 1537 2573 inde
1596 2526 1636 2571 a
1696 2507 1886 2573 Livio
1944 2507 2206 2588 saepius
2265 2506 2549 2573 secundo
2616 2511 2825 2587 atque

436 2613 644 2677 ‘tertio
692 2614 829 2679 loco
879 2615 1206 2679 enuntiati
1253 2616 1530 2695 positam
1581 2614 1895 2680 invenies
1944 2614 2294 2680 secundum
2361 2615 2571 2678 locum
2641 2611 2826 2693 apud

436 2720 613 2785 Van.
660 2725 842 2785 tenet
891 2724 1145 2802 2.37,3.
1195 2726 1447 2803 2.53,2.
1497 2728 1554 2785 2.
1586 2728 1752 2804 60,2.
1802 2725 1859 2787 2.
1882 2727 2100 2806 -111,4.
2150 2726 2448 2802 2.118,4.

665 2824 816 2889 Mox
845 2828 1133 2892 Velleius
1181 2830 1551 2908 aequalium
1583 2829 1946 2909 exemplum
1978 2836 2243 2894 secutus
2277 2827 2664 2909 saepissime
2699 2845 2820 2908 pro

444 2932 689 3029 «deinde
735 2933 975 3013 posuit.
1027 2937 1232 3016 1.1,2.
1288 2940 1493 3018 1.4‚4.
1543 2942 1601 3002 2.
1633 2939 1753 3017 7,2.
1804 2938 2058 3017 2.14,3.
2106 2941 2225 3000 etc.

665 3040 874 3120 primo
922 3076 1008 3084 —
1055 3059 1222 3106 mox.
1271 3047 1328 3105 2.
1359 3047 1520 3107 30.5.
1571 3049 1629 3109 2.
1656 3047 1825 3125 55,1.
1877 3045 2129 3125 2.82,1.
2178 3048 2477 3125 2.118,3.

669 3146 848 3226 prior
893 3182 980 3189 -
1026 3165 1192 3212 mox.
1243 3154 1298 3211 2.
1328 3154 1494 3230 37,3.

671 3249 955 3334 Namque
1002 3259 1068 3317 et
1131 3254 1348 3317 etenim
1392 3255 1778 3338 particulae,
1829 3261 1903 3320 ut
1947 3274 2096 3319 raro
2159 3256 2239 3318 ab
2288 3274 2523 3320 aureae
2571 3255 2819 3321 aetatis

442 3357 884 3438 *scriptoribus
932 3365 1288 3440 usurpatae
1334 3367 1520 3444 sunt,
1571 3362 1666 3426 ita
1714 3362 1887 3442 apud
1933 3362 2255 3427 Velleium
2282 3362 2477 3427 semel
2521 3366 2816 3428 exstant.

444 3472 516 3530 2.
543 3471 712 3547 86,3.
762 3463 1094 3549 (namque)
1144 3473 1441 3550 2.102,3.
1490 3466 1802 3553 (etenim.)

673 3569 769 3634 Ne
799 3573 1126 3652 particula
1157 3575 1489 3639 rarissime
1520 3580 1745 3655 partes
1791 3575 2326 3657 interrogationis
2376 3574 2814 3641 disiunctivae

457 3678 633 3743 inter
679 3697 750 3743 se
796 3680 1089 3761 copulat;
1148 3681 1248 3746 bis
1297 3682 1472 3762 apud
1519 3682 1845 3747 Velleium
1876 3683 1970 3746 ita
2015 3682 2375 3749 adhibitam
2422 3683 2811 3749 invenimus.

462 3787 694 3861 2.4Ο,1
766 3791 992 3849 secuta
1071 3787 1303 3852 deinde
1374 3788 1482 3853 Cn.
1530 3790 1797 3869 Pompei
1844 3789 2092 3870 militia,
2165 3790 2413 3870 gloriae
2482 3790 2812 3856 laborisne

448 3891 723 3956 „maioris
806 3892 1123 3957 incertum
1207 3899 1324 3958 est.
1397 3901 1454 3961 2.
1483 3901 1628 3960 9Ο.3
1700 3914 1816 3976 per
1885 3895 2395 3975 quinquennium
2466 3893 2811 3963 diiudicari

459 4016 590 4062 non
650 3998 866 4076 potuit
925 3998 1238 4079 Hispanis
1283 4001 1683 4068 Romanisne
1744 4003 1813 4066 in
1861 4002 2057 4069 armis
2127 4003 2271 4083 plus
2320 4009 2495 4068 esset
2540 4001 2810 4067 roboris,

676 4099 984 4187 Perquam
1020 4104 1101 4189 (z
1145 4108 1316 4189 sehr,
1350 4127 1472 4190 gar
1504 4106 1706 4192 sehr),
1744 4126 1913 4188 quae
1945 4109 2271 4189 particula
2302 4126 2433 4172 non
2459 4110 2809 4174 multorum

450 4209 848 4290 scriptorum
902 4211 971 4274 in
1020 4231 1144 4277 usu
1191 4218 1310 4296 est,
1383 4214 1671 4280 Velleius
1720 4217 1977 4296 saepius
2026 4215 2341 4281 adhibuit.
2389 4223 2446 4281 2.
2476 4221 2622 4297 31,1
2671 4233 2810 4295 per-

463 4335 654 4397 quam
699 4316 1122 4382 laudabiliter
1168 4320 1401 4385 iurare.
1452 4327 1508 4384 2.
1541 4325 1691 4402 96,2
1743 4322 1982 4386 bellum
2008 4341 2320 4403 perquam
2366 4322 2652 4387 vicinum
2696 4321 2810 4384 im-

460 4422 750 4487 minebat
776 4423 1030 4490 Italiae.
1080 4431 1138 4489 2.
1170 4429 1363 4507 101,2
1390 4445 1703 4506 perquam
1750 4429 1996 4492 clarum
2021 4430 2479 4509 spectaculum.
2531 4436 2590 4496 2.
2618 4425 2804 4508 113,3

450 4547 774 4610 perquam
820 4530 1223 4594 laboriosum
1268 4532 1410 4596 iter.
