3096 5091
1466 468 1822 527 ...28-

492 738 495 739 7
684 659 1084 724 Caeruleatus
1146 651 1355 744 (ἅπαξ
1371 652 1764 738 λεγόμενον)
1815 657 1961 721 Adi.
1997 675 2071 720 ,a
2141 657 2502 721 caeruleus.
2580 661 2644 719 2.
2677 660 2860 737 833⁷

466 770 752 834 Plancus
802 787 947 832 cum
995 767 1404 832 caeruleatus
1451 770 1519 829 et
1566 765 1780 829 nudus
1829 762 2149 828 Glaucum
2198 764 2528 827 saltasset.

679 873 1019 952 Infestatus
1066 875 1242 937 Part.
1271 875 1353 936 ab
1400 871 1734 936 infestare.
1787 877 1843 935 2.
1883 876 2030 953 73,3
2058 871 2394 955 latrocinis
2444 889 2521 934 ac
2550 869 2858 949 praeda-.-

468 983 758 1047 tionibus
806 981 1191 1045 infestatum
1238 998 1435 1044 mare.
2175 1042 2181 1047 ,

679 1086 1098 1169 Ιηὶφηὶίαόἰίὶε,
1149 1105 1337 1167 quem
1383 1085 1628 1149 imitari
1674 1104 1803 1150 non
1865 1103 2227 1166 possumus.
2278 1090 2335 1148 2.
2375 1089 2522 1166 79,3
2575 1102 2856 1148 morum

469 1201 645 1258 certe
711 1192 982 1258 dulcedo
1040 1211 1118 1256 ac
1189 1211 1308 1273 par
1362 1191 1464 1256 sui
1531 1191 1899 1255 aestimatio
1946 1190 2361 1255 inimitabilis
2409 1189 2625 1255 tuisse
2681 1191 2858 1256 dici·-

472 1306 600 1364 tur.
650 1298 934 1383 (Quint.)

698 1402 946 1488 lnquies
1021 1405 1190 1469 idem
1239 1410 1340 1469 est
1397 1409 1597 1483 atque
1659 1404 2006 1483 inquietus.
2066 1411 2121 1468 2.
2169 1407 2319 1486 68,3
2382 1404 2487 1468 vir
2548 1405 2868 1484 inquies.-

472 1519 531 1577 2.
570 1518 718 1593 77,2
768 1513 1043 1577 animus.
1094 1513 1286 1596 (Plin.
1333 1509 1514 1595 Tac.)
2437 1490 2442 1495 ’

684 1616 1076 1681 Lacernatus
1131 1618 1623 1698 participiorum
1682 1636 1859 1683 more
1926 1636 1963 1680 a
2009 1618 2273 1682 lacerna
2320 1616 2604 1700 effictus,
2661 1619 2860 1684 idem

476 1744 552 1790 ac
614 1726 878 1789 lacerna
923 1724 1208 1789 indutus
1282 1731 1339 1789 2.
1379 1730 1524 1806 10,3
1576 1742 1720 1788 cum
1782 1723 2049 1787 inermis
2097 1733 2163 1787 et
2208 1724 2588 1789 lacernatus
2639 1732 2852 1792 esset.

472 1832 748 1897 Iuvenal
803 1837 855 1895 1.
893 1837 994 1896 62.
1044 1832 1218 1896 Suet.
1267 1832 1463 1897 Nero.
1513 1837 1617 1915 28.

687 1953 891 2018 Prosa
922 1954 1188 2040 (oratio)
1228 1962 1280 2021 1.
1319 1962 1465 2038 17‚3
1501 1956 1865 2036 profectum
1899 1974 2133 2035 prosae
2165 1956 2578 2035 eloquent-iae
2613 1958 2858 2025 decus„

473 2064 551 2128 ct.
586 2063 806 2145 Quint.
843 2068 941 2127 10.
983 2066 1032 2126 l.
1066 2081 1123 2127 a.
1155 2062 1316 2128 med.
1350 2062 1516 2127 Gell.
1572 2064 1669 2126 12.
1703 2069 1848 2145 12,2
1898 2061 2071 2141 apud
2120 2062 2493 2127 Ciceronem
2524 2064 2849 2132 invenies

472 2171 669 2236 etiam
740 2171 808 2234 in
878 2188 1072 2250 prosa
1142 2171 1436 2234 oratione
1508 2169 1847 2250 quaedam,
1920 2187 2000 2233 ex
2073 2169 2307 2248 quibus
2398 2175 2518 2234 etc.
2592 2171 2757 2238 inde
2806 2192 2877 2238 a⁴

473 2277 728 2344 Velleio
778 2276 1057 2357 saepius.

687 2397 1115 2464 SacerdotaliS.
1147 2405 1429 2480 2.124,4
1492 2398 1652 2463 mihi
1699 2398 1985 2479 fratique
2033 2417 2173 2464 meo
2220 2401 2513 2480 proxime
2560 2422 2602 2467 a
2651 2407 2845 2470 nobi-

472 2509 740 2576 lissimis
804 2526 881 2573 ac
943 2507 1455 2573 sacerdotalibus
1502 2506 1665 2571 viris
1712 2506 2025 2572 destinari
2071 2509 2483 2587 praetoribus
2533 2514 2873 2596 contigit..

470 2618 639 2683 Plin.
672 2635 770 2698 ep.
805 2622 860 2679 7.
887 2620 988 2680 24.
1036 2615 1419 2695 saepissime
1466 2613 1701 2679 deinde
1746 2614 1922 2695 apud
1966 2634 2183 2679 rerum
2230 2617 2867 2686 ecclesiasticarum.

476 2725 865 2805 scriptores„
1573 2781 1576 2784 ,
2721 2730 2725 2734 ⁴

687 2828 1077 2901 Subrefectus
1126 2820 1336 2910 (ἅπαξ
1397 2822 1790 2911 λεγόμενον)
1856 2829 2287 2908 Participium
2350 2831 2431 2894 ab
2467 2861 2470 2866 2
2507 2831 2871 2899 inusitato-

472 2936 829 3020 subreficere
927 2940 1032 3001 est
1131 2936 1541 3015 aliquantum
1641 2933 1946 3000 refectus,
2026 2941 2081 2999 2.
2131 2941 2321 3018 123,2
2416 2938 2868 3007 ειιὸτθΐθοωε.

470 3045 680 3125 primo
731 3044 1063 3124 adspectu.

506 3155 509 3156 ’
688 3149 1132 3230 Comparativi
1197 3153 1264 3213 et
1321 3148 1742 3231 Superlativi,
1793 3148 1901 3228 qui
1950 3149 2121 3229 apud
2170 3149 2493 3215 Velleium
2545 3153 2838 3231 primum

467 3256 897 3321 inveniuntur
944 3261 1130 3320 sunt:

468 3361 958 3429 convenientior
1017 3368 1070 3426 1.
1114 3366 1283 3446 13,5.
1311 3362 1699 3442 flagrantior
1749 3367 1998 3444 2.48,3.
2046 3362 2441 3427 moderatior
2515 3349 2833 3449 2.126‚3'.

466 3471 755 3552 pressius
815 3475 874 3533 2.
903 3472 1116 3550 129,3.
1178 3469 1442 3549 pronior
1490 3474 1546 3532 2.
1578 3468 2232 3554 69‚6.affectissimus
2285 3476 2341 3534 2.
2370 3476 2541 3553 84,2.
2581 3475 2855 3539 caeles-⁴

463 3577 759 3644 tissimus
808 3584 865 3642 2.
912 3581 1081 3658 66,3.
1131 3582 1188 3641 2.
1228 3578 1438 3656 1o4,3.
1473 3575 2131 3664 convenientissimus
2185 3582 2239 3640 1.
2268 3582 2391 3648 (5.3.
2443 3580 2863 3645 cruentissi--

462 3703 605 3749 mus
667 3685 900 3767 2.5’2,3.
949 3683 1491 3747 distractissimus
1555 3687 1863 3763 2.114,1.
1921 3682 2473 3749 eminentissimus
2527 3676 2616 3751 1.'
2659 3692 2807 3768 12,3

463 3798 520 3856 2.
544 3797 709 3874 17,3.
738 3793 984 3871 2.22,2.
1012 3794 1068 3852 2.
1088 3793 1260 3870 43,3.
1309 3790 1366 3852 2.
1396 3790 1565 3870 7],2.
1614 3791 1853 3874 2.’ζ2,3.
1890 3791 2146 3864 -2.75,3.
2196 3792 2481 3872 2.101‚2.
2518 3794 2808 3874 2.111‚3.

461 3896 1026 3964 excelentissimus
1075 3898 1131 3959 2.
1157 3900 1326 3977 41‚1.
1378 3896 1857 3960 excelsissimus
1893 3902 1950 3959 2.
1978 3901 2145 3977 96,3.
2196 3899 2253 3959 2.
2288 3899 2455 3980 22,1.
2491 3903 2562 3962 ·2.
2597 3903 2808 3980 101,1.

459 4011 518 4070 2.
557 4009 771 4086 114,4.
818 4001 1338 4084 fulgentissimus
1366 4007 1422 4065 2.
1461 4006 1628 4084 71,1.
1677 4007 1736 4066 2.
1764 4006 1912 4083 64,3
1938 4002 2485 4068 honoratissimus
2535 4008 2593 4071 2.
2645 4012 2678 4069 7
2690 4008 2812 4089 6,1.

455 4109 1064 4191 impatientissimus
1092 4115 1149 4174 2.
1183 4114 1348 4189 2,3,1.
1375 4109 1823 4173 mixtissimuS.
1852 4115 2092 4192 2.89,3.
2121 4110 2500 4175 serissimus'
2522 4118 2580 4177 2.
2612 4115 2854 4196 131,2.-

462 4216 1063 4284 verecundissimus
1114 4219 1171 4281 2.
1202 4220 1374 4297 33,3.

672 4323 1111 4403 Comparativi
1176 4327 1245 4388 et
1315 4322 1717 4403 Superlativi
1779 4324 1883 4388 vis
1945 4329 2227 4405 augetur
2274 4324 2452 4404 apud
2498 4325 2851 4391 Velleium⁴⁴

454 4429 769 4496 adverbio
843 4430 1031 4513 ῑοηρε,
1104 4430 1172 4493 id
1233 4430 1406 4509 quod
1462 4428 1616 4494 inde
1676 4448 1716 4493 a
1776 4429 1966 4495 Livio
2024 4430 2337 4496 usitatius
2399 4449 2544 4498 esse
2561 4417 2568 4440 ³
2592 4434 2850 4514 coepit..
