3096 5091
1238 470 1591 531 ...45-

1134 665 1413 802 caput
1479 659 1666 756 VII.

1220 836 1309 904 Dc
1359 837 1591 906 modis,

441 963 545 1025 In·
584 962 875 1027 oratione
932 962 1193 1043 obliqua
1254 962 1652 1029 indicativus
1708 963 1992 1043 scriptus
2056 972 2175 1047 est,
2241 967 2353 1047 qui
2413 967 2588 1031 idem
2670 1031 2675 1036 .

234 1068 401 1148 apud
447 1068 723 1148 optimos
771 1059 1120 1149 scriptores
1166 1070 1513 1135 invenitur.
1564 1073 1621 1134 2.
1650 1073 1797 1152 27,ss
1848 1084 2199 1150 numquam
2248 1072 2596 1138 defuturos.

246 1179 536 1255 raptores
586 1175 859 1240 Italicae
905 1176 1230 1240 libertatis
1278 1177 1484 1259 lupoS,
1533 1178 1663 1241 nisi
1711 1177 1881 1241 silva
1930 1177 1995 1241 in
2046 1197 2238 1257 quam
2287 1178 2589 1262 refugere

235 1283 456 1362 solent,
505 1280 857 1366 (Halmius:
906 1283 1236 1365 solerent.)
1285 1290 1460 1348 esset
1531 1284 1766 1349 excisa.
1816 1287 1873 1349 2.
1901 1286 2049 1365 94,2
2102 1285 2197 1350 Ti.
2270 1285 2594 1351 Claudius

236 1389 423 1471 Ner0,
451 1390 560 1469 qui
587 1390 905 1471 protinus,
934 1396 1219 1469 quantus
1245 1398 1366 1471 est,
1397 1391 1647 1470 sperari
1675 1396 2000 1472 potuerat,
2027 1397 2147 1456 etc.
2175 1391 2258 1457 cf.
2284 1396 2341 1457 2.
2375 1396 2496 1456 117
2506 1399 2591 1473 ,3.

438 1496 876 1562 Indicativum
912 1497 1204 1561 Velleius
1237 1499 1456 1578 posuit
1503 1498 1878 1577 discrepans
1901 1500 1982 1562 ab
2032 1499 2277 1578 optima
2326 1498 2583 1565 dicendi

234 1603 479 1668 ratione
524 1609 577 1667 1.
608 1606 773 1684 12,2.
800 1605 920 1668 sub
945 1603 1115 1668 idem
1166 1610 1443 1686 tempus,
1492 1604 1701 1687 magis
1750 1605 1902 1684 quia
1947 1605 2257 1671 volebant
2304 1605 2586 1671 Romani

236 1710 510 1791 credere,
595 1730 786 1791 quam
857 1711 1011 1791 quia
1080 1711 1400 1776 credenda
1468 1710 1927 1791 afferebantur,
2002 1712 2241 1776 statuit
2309 1718 2590 1776 senatus

235 1814 690 1900 Carthaginem
737 1819 1099 1883 excindere.
1148 1819 1399 1897 priores
1448 1836 1595 1882 cum
1643 1818 1849 1882 altero
1898 1818 2052 1900 quia
2099 1817 2588 1886 coniunctivum

271 1925 732 1990 oniunxissent.

434 2051 903 2116 Coniunctivus
968 2050 1268 2130 sequitur
1311 2049 1701 2130 particulam
1766 2049 1917 2113 dum
1966 2047 2047 2132 (z
2093 2067 2163 2112 so
2211 2051 2407 2130 lange
2453 2049 2573 2130 als,

234 2158 562 2241 wahrend)
640 2164 692 2222 1.
720 2164 826 2239 2,2
898 2158 1011 2222 sed
1081 2158 1188 2222 hic
1245 2157 1793 2236 insequentesque
1856 2156 2204 2220 archontes
2232 2174 2438 2236 usque
2497 2155 2586 2220 ad

238 2263 600 2347 Charopem,
640 2265 790 2330 dum
838 2265 1137 2330 viverent
1183 2283 1328 2329 eum
1379 2264 1688 2328 honorem
1736 2263 2161 2340 usurpabant.
2212 2259 2391 2344 (dum
2437 2281 2588 2343 par-

235 2371 426 2436 ticula
497 2391 642 2437 cum
690 2371 981 2452 perfecto
1047 2371 1395 2436 coniuncta
1459 2374 1575 2435 est.
1668 2373 1896 2450 1.18,·2
1968 2367 2117 2431 dum
2188 2368 2373 2434 vixit.
2436 2388 2582 2433 cum

235 2474 603 2559 imperfecto
677 2485 733 2542 2.
763 2482 930 2560 63,1.
1003 2478 1155 2542 dum
1235 2483 1379 2543 erat
1448 2476 1722 2541 sobrius,
1788 2474 2124 2539 rarissime
2185 2475 2584 2556 particulam

232 2584 318 2649 ita
362 2593 742 2667 usurpatam
788 2587 1084 2651 invenies
1134 2586 1305 2667 apud
1352 2584 1647 2667 priores)
2296 2578 2299 2581 ’

440 2712 914 2778 Coniunctivus
939 2711 1181 2792 pendet
1227 2727 1312 2775 ex
1358 2709 1703 2791 particulis
1750 2707 1873 2789 ubi,
1923 2708 2128 2772 simul.
2179 2714 2238 2773 2.
2267 2710 2420 2790 24,4
2466 2708 2583 2772 ubi

236 2817 507 2885 vicisset.
557 2824 614 2883 2.
642 2822 791 2900 29,3
855 2818 968 2883 ubi
1015 2822 1369 2883 vereretur.
1420 2820 1477 2881 2.
1504 2822 1652 2899 88,1
1707 2816 1902 2880 simul
1946 2816 2016 2880 in
2089 2816 2329 2880 urbem⁴
2360 2832 2588 2879 rever-

232 2925 430 2991 tisset.
480 2932 538 2990 2.
557 2931 703 3009 88,1
757 2926 872 2991 ubi
917 2944 1025 2990 res
1084 2924 1382 3007 vigiliam
1432 2924 1749 3006 exigeret.
1797 2923 1991 2988 simul
2035 2921 2283 3002 aliquid
2330 2920 2581 2986 remitti

234 3040 460 3114 posset.
507 3031 616 3117 (cf.
662 3033 961 3115 Draeger
1006 3031 1157 3097 hist.
1206 3031 1389 3113 Synt.
1439 3029 1494 3115 ξ.
1545 3030 1720 3114 507.)

439 3137 829 3207 Ρνοηοηιὶηα
870 3140 1270 3220 quicunque,
1323 3138 1619 3217 quisquis
1663 3156 1707 3201 a
1752 3135 2080 3217 prioribus
2128 3153 2380 3214 semper
2440 3131 2588 3197 fere

235 3264 371 3312 cum
428 3247 787 3313 indicativo
848 3247 1193 3312 coniuncta
1254 3248 1426 3334 sunt,
1485 3262 1526 3307 a
1581 3242 2052 3308 recentioribus
2114 3241 2374 3321 saepius
2434 3257 2579 3303 cum

236 3349 654 3421 coniunctiv0.
711 3353 789 3419 cf.
835 3354 1000 3420 Vell.
1069 3355 1299 3435 1.12,2
1363 3349 1679 3430 quidquid
1725 3350 2071 3414 diceretur.
2122 3352 2357 3428 1.17,4
2403 3345 2584 3425 quis-

238 3463 370 3541 quis
408 3467 773 3542 temporum
820 3460 1138 3525 institerit
1163 3459 1351 3523 notis
1402 3462 1611 3538 2.3,1.
1662 3463 1720 3521 2.
1752 3461 1917 3539 14,3.
1967 3457 2024 3517 2.
2056 3456 2223 3535 76,3.
2274 3453 2588 3533 2.100,3.,

234 3570 502 3651 saepius,

438 3676 561 3741 His
623 3676 841 3742 verbis
895 3673 1144 3754 priores
1201 3678 1318 3737 aut
1374 3689 1522 3736 raro
1587 3675 1705 3735 aut
1761 3685 2109 3749 numquam
2180 3663 2588 3730 infinitivum.

237 3784 692 3866 adiungebant.

435 3907 775 3954 assuescere
822 3888 877 3955 ¹2.
907 3894 1074 3973 33,4.
1125 3886 1303 3970 (inde
1349 3905 1389 3949 a
1435 3884 1678 3967 Livio.)

436 3998 747 4081 continyit.
810 3995 1150 4081 (usitatius
1206 3998 1308 4059 est
1355 3991 1700 4073 contingit,
1749 3992 1863 4071 ut.)
1913 3990 2215 4072 2.101,2.
2275 3984 2590 4065 2.121,3..

238 4111 500 4189 2.124,2
551 4112 636 4171 et.
682 4110 742 4170 4.
789 4102 1015 4188 (Verg.
1063 4098 1321 4181 Horat.)

436 4211 700 4298 depudet
746 4218 802 4276 2.
839 4217 872 4274 7
883 4216 1006 4291 3,3.
1054 4198 1263 4292 (ἅπαξ
1302 4200 1697 4288 λεγόμενον)

425 4340 663 4405 parum
708 4316 926 4382 habere
973 4322 1030 4381 2.
1060 4318 1226 4395 76,4.

437 4427 769 4511 indiqnari
817 4432 874 4490 2.
908 4427 1076 4505 29,4.
1126 4419 1334 4503 (Poet.
1381 4419 1525 4485 Liv.
1576 4415 1826 4501 Quint.)
