3096 5091
1414 524 1766 583 —21-

408 726 627 802 2,719.
676 718 967 784 Velleius
1014 717 1333 781 translate
1381 716 1577 781 dixit:
1655 716 2123 781 circumvolare
2170 717 2445 783 ordines,
2512 725 2566 785 2,
2597 726 2674 784 27
2684 728 2769 801 ,2.

630 825 1009 909 Compescere
1055 824 1223 888 idem
1269 828 1370 889 est
1395 842 1473 888 ac
1497 824 1818 905 cohibere,
1869 842 2181 889 coercere.
2232 825 2476 910 (Plaut.
2506 826 2770 891 Lucret.

404 935 639 999 Horat.
689 933 876 998 Ovid.
925 930 1187 1014 Tibull.)
1235 930 1402 996 Vell.
1452 937 1509 995 2.
1564 936 1710 1012 12,6
1786 931 1986 995 armis
2032 950 2440 1012 compescere
2487 933 2675 1012 alqm.

625 1038 960 1120 Debellare‚
996 1037 1343 1119 pugnando
1392 1038 1631 1102 bellum
1678 1038 1887 1120 finire,
1940 1037 2115 1118 apud
2142 1038 2505 1120 Vergilium
2552 1041 2768 1105 solum

404 1147 764 1212 invenitur.
799 1149 959 1212 Aen.
988 1152 1044 1210 6.
1094 1151 1239 1209 853.
1287 1145 1455 1210 Vell.
1503 1152 1564 1210 2.
1612 1150 1759 1226 84,1
1813 1145 2210 1210 debellatum
2258 1145 2434 1226 apud
2478 1146 2761 1211 Actium.

624 1288 918 1372 Depudet.
980 1290 1103 1353 hoc
1162 1291 1433 1353 verbum
1495 1288 1769 1354 Ovidius
1833 1291 2010 1354 solus
2071 1288 2339 1354 videtur
2385 1307 2757 1369 usurpasse.

408 1396 710 1482 (Heroid.
752 1402 812 1461 4.
845 1401 966 1460 155
995 1395 1308 1474 depuduit
1355 1401 1804 1477 protugusque
1827 1395 2036 1476 pudor
2084 1413 2203 1459 sua
2251 1395 2438 1474 signa
2483 1397 2770 1476 reliquit.

402 1507 628 1569 Amor.
693 1508 751 1567 3.
819 1506 967 1583 11,4
1014 1507 1081 1566 et
1139 1519 1284 1581 quae
1333 1502 1650 1581 depuduit
1698 1502 1896 1584 ferre,
1925 1503 2158 1567 tulisse
2183 1500 2437 1585 pudet.)
2488 1504 2653 1569 Vell.
2703 1511 2761 1569 2.

412 1617 563 1692 73,3
613 1609 899 1690 depudet
946 1611 1137 1689 alqm.
1184 1608 1353 1689 alqd.
1402 1590 1637 1674 facere.

624 1751 997 1816 Descendere
1066 1753 1135 1814 in
1207 1771 1490 1836 campum
1552 1753 1719 1818 Vell.
1778 1759 1835 1817 2.
1903 1759 2072 1836 92,2.
2134 1761 2235 1819 est
2307 1753 2767 1835 magistratum

406 1865 655 1942 petere.
704 1859 781 1924 cf.
830 1860 1057 1924 Horat.
1109 1859 1317 1924 Carm.
1371 1864 1426 1925 3.
1480 1865 1648 1943 1,11.

628 1981 917 2046 Emerere
962 1983 1132 2048 idem
1158 1983 1296 2050 iere
1343 1989 1445 2049 est
1493 1984 1666 2065 quod
1714 2004 1979 2051 merere.
2026 1987 2239 2051 Plaut.
2285 1986 2434 2050 Aul.
2483 1989 2541 2049 4.
2595 1990 2765 2065 10‚5.

402 2092 706 2171 Propert.
765 2094 825 2154 4.
894 2093 1103 2171 11,61.
1171 2089 1359 2157 Ovid.
1386 2093 1516 2156 Ars
1585 2110 1706 2156 am.
1772 2097 1827 2156 3.
1874 2096 2025 2157 409.
2074 2093 2240 2157 Veli.
2298 2098 2355 2156 2.
2424 2095 2568 2170 66,1
2622 2109 2767 2154 cum

404 2198 599 2262 ambo
626 2197 897 2262 mallent
943 2197 1069 2262 sibi
1093 2198 1386 2262 nuntiari
1433 2198 1593 2278 quid
1638 2199 1814 2278 passi
1861 2205 2100 2282 essent,
2152 2217 2344 2279 quam
2392 2197 2553 2276 quid
2601 2215 2769 2262 eme-

403 2304 718 2369 ruissent.
767 2303 1095 2388 (Halmius
1143 2305 1274 2387 legi
1321 2305 1498 2370 vult:
1551 2305 1990 2390 meruissent.)

622 2402 933 2510 Emicat-c,
973 2430 1140 2495 Vell.
1189 2435 1246 2493 2.
1299 2435 1443 2511 70,5
1513 2449 1658 2494 cum
1706 2449 2076 2495 mucronem
2123 2430 2322 2512 gladii
2370 2428 2772 2493 admovisset

398 2537 714 2604 mamillae
750 2537 833 2603 ad
858 2556 1004 2602 eum
1045 2537 1275 2620 locum,
1324 2555 1453 2618 qua
1499 2557 1609 2603 cor
1658 2538 1909 2603 emicat.
1961 2536 2069 2622 (ci.
2093 2537 2310 2603 Plaut.
2355 2536 2503 2600 Aul.
2551 2541 2610 2601 4.
2662 2541 2775 2619 3,4

402 2664 523 2711 cor
569 2645 807 2710 emicat
852 2646 922 2709 in
966 2642 1242 2729 pectus)
2061 2663 2064 2666 ·

622 2767 802 2833 Eniti
830 2787 833 2790 ⁴
862 2775 964 2835 est
1025 2769 1272 2853 parb‘re,
1322 2775 1585 2851 partum
1631 2771 1700 2836 in
1744 2772 1956 2836 lucem
2010 2771 2219 2836 edere.
2253 2770 2447 2849 Verg.
2494 2769 2654 2833 Aen.
2706 2775 2768 2833 3.

402 2882 558 2944 391.
605 2877 790 2943 ovid.
839 2879 992 2942 Met.
1029 2882 1231 2961 3‚344
1277 2876 1471 2942 enixa
1519 2885 1623 2942 est
1667 2883 1854 2943 utero
1900 2877 2238 2942 intantem.
2288 2876 2455 2953 Vell.
2505 2882 2561 2940 2.
2613 2880 2759 2955 95,1

400 3002 599 3065 quem
646 2984 822 3048 intra
878 2984 1155 3049 Caesaris
1224 2989 1496 3064 penates
1567 2984 1761 3049 enixa
1830 2991 1975 3050 erat
2038 2984 2251 3049 Livia.
2322 2988 2608 3064 2.104,1
2677 2983 2767 3047 Μ.

399 3089 724 3172 Agrippa,
774 3108 963 3171 quem
1010 3095 1163 3172 post
1208 3096 1478 3155 mortem
1526 3090 1862 3173 Agrippae
1908 3091 2090 3156 Julia
2137 3090 2331 3154 enixa
2379 3095 2539 3154 erat.

620 3195 886 3276 Emere,
952 3202 1284 3278 praeennte
1343 3197 1636 3278 Vergilio
1699 3196 1890 3281 (Aen.
1938 3203 1997 3261 2.
2046 3202 2107 3278 4,
2158 3203 2224 3262 et
2282 3196 2437 3276 611)
2510 3199 2611 3259 est
2657 3194 2768 3259 de-

397 3309 684 3387 struere,
749 3309 1065 3369 evertere.
1122 3304 1286 3371 Vell.
1339 3309 1391 3368 1.
1459 3306 1601 3384 13‚1
1666 3304 1841 3369 eruit
1895 3303 2191 3368 funditus
2255 3303 2653 3368 Corinthum.
2703 3307 2760 3369 2.

401 3416 557 3494 38,2
606 3417 796 3476 eruta
842 3410 1255 3492 Carthagine.
1304 3416 1360 3475 2.
1411 3415 1563 3492 27,2
1612 3410 2099 3475 vociferabatur
2144 3409 2495 3474 eruendam
2544 3407 2769 3472 delen-

407 3518 691 3598 damque
738 3519 983 3583 urbem.

621 3638 938 3724 Imputare
983 3647 1086 3706 est
1109 3642 1470 3724 assignare,
1520 3642 1907 3708 adscribere.
1935 3641 2124 3707 Ovid.
2149 3643 2305 3707 Met.
2356 3645 2571 3722 2,4ΟΟ.
2607 3640 2763 3705 ibid.

401 3750 644 3823 15‚470
710 3754 982 3813 mortem
1014 3748 1374 3814 senioribus
1404 3749 1683 3829 imputet
1713 3750 1919 3814 annis.
1968 3749 2360 3830 Saepissime
2404 3748 2501 3812 ita
2544 3766 2770 3813 recen—

394 3855 603 3920 tiores
665 3853 834 3938 (Val.
893 3856 1066 3919 Max.
1134 3855 1300 3921 Plin.
1370 3857 1518 3921 Tac.
1592 3855 1811 3937 Quint.
1860 3854 2109 3940 Senec.)
2181 3855 2349 3921 Vell.
2399 3861 2456 3919 2.
2507 3859 2659 3936 23,4
2706 3853 2766 3918 si

397 3961 549 4042 quis
595 3961 716 4025 hoc
760 3961 1124 4026 rebellandi
1186 3966 1443 4041 tempus
1490 3963 1775 4043 imputat
1819 3962 2332 4029 Atheniensibus
2380 3969 2500 4026 etc.

617 4066 945 4151 Jncinyere
976 4087 1092 4148 pro
1126 4069 1544 4153 circumdare,
1579 4075 1934 4151 praeeunte
1967 4069 2221 4151 ovidio,
2259 4069 2552 4134 Velleius
2578 4085 2767 4131 usur-

396 4173 591 4255 pavit
638 4181 695 4239 2.
752 4179 964 4257 108,1.
1011 4175 1331 4240 incinctos
1378 4176 1718 4257 Hercynia
1764 4177 1933 4242 silva
1979 4195 2238 4257 campos
2284 4176 2582 4239 incolere.

616 4278 894 4344 Marcere
955 4280 1123 4346 idem
1188 4287 1291 4346 est
1353 4301 1431 4346 ac
1497 4290 1793 4365 torpere,
1869 4284 2199 4365 languere.
2247 4282 2510 4346 Lucretx
2560 4283 2759 4362 3,960

397 4386 595 4452 ovid.
641 4389 856 4453 Amor.
919 4392 974 4452 1.
1040 4392 1227 4470 14,4l
1297 4387 1444 4453 Liv.
1508 4395 1610 4455 23.
1658 4395 1762 4455 45.
1809 4389 1976 4456 Vell.
2048 4395 2105 4453 2.
2153 4393 2323 4470 84,1.
2369 4386 2438 4451 in
2482 4386 2598 4450 illa
2645 4384 2765 4467 (sc.

399 4490 639 4579 parte)
686 4494 1065 4558 marcebant
1111 4494 1341 4558 omnia.
