3096 5091
1475 497 1832 556 -36-

470 685 716 751 tudinis
757 687 1075 765 causa3in
1100 687 1337 751 bonam
1384 692 1601 753 autem
1647 691 1902 768 partem
1951 687 2118 751 dixit
2186 692 2423 766 2;98,4
2493 688 2840 770 principes:

469 792 601 856 viri
649 792 1000 858 adhortatu
1046 792 1360 873 principis
1407 802 1477 859 at
1524 794 1881 858 ornandam
1927 796 2154 859 urbem
2200 794 2404 859 illecti
2450 801 2624 860 sunt.

680 916 947 999 Implere
991 917 1256 998 ponitur
1301 936 1417 996 pro
1463 922 1819 1000 praestare,
1869 917 2191 998 perficere.
2242 921 2298 982 2.
2326 921 2477 1000 95,3
2546 920 2836 1001 implere

468 1043 812 1090 censorem.
861 1025 937 1090 cf.
986 1026 1134 1089 Tac.
1182 1025 1351 1088 Ann.
1401 1029 1551 1106 3,53
1601 1025 1874 1105 implere
1922 1025 2144 1089 munia
2191 1043 2328 1089 sua.

680 1148 1001 1232 Imputare
1063 1168 1176 1229 pro
1250 1150 1606 1231 assignare,
1672 1149 2043 1214 adscribere
2120 1153 2188 1212 et
2259 1151 2397 1214 iere
2445 1150 2512 1214 in
2576 1151 2825 1215 malam

462 1262 718 1337 partem
782 1256 958 1335 apud
1019 1263 1371 1335 argenteae
1426 1256 1668 1320 aetatis
1730 1256 2080 1336 scriptores
2128 1256 2302 1319 solos
2349 1256 2706 1322 invenitur.
2758 1264 2817 1321 2.

461 1368 614 1443 23,4
675 1364 731 1427 si
756 1364 901 1443 quis
924 1365 1046 1428 hoc
1068 1362 1425 1428 rebellandi
1475 1367 1733 1442 tempus
1757 1362 2576 1447 imputatAtheniensibuS,
2626 1365 2823 1429 nimi-

456 1489 601 1534 rum
647 1472 792 1535 veri
838 1471 1318 1550 vetustatisque
1362 1470 1634 1551 ignarus
1683 1475 1802 1534 est.

672 1574 888 1640 Nitere
949 1585 1051 1642 est
1096 1577 1417 1668 translate
1462 1576 1715 1659 florere,
1767 1578 2015 1641 clarum
2042 1594 2203 1642 esse.
2258 1583 2310 1641 1.
2343 1580 2488 1660 17,1
2541 1578 2817 1658 subpari

455 1688 671 1749 aetate
707 1685 931 1748 nitere.
961 1689 1016 1747 2.
1045 1688 1147 1767 9,1
1200 1684 1422 1748 eodem
1449 1689 1669 1748 tractu
1714 1688 2078 1764 temporum
2124 1685 2468 1749 nituerunt
2515 1692 2816 1750 oratores

458 1789 670 1870 Scipio
718 1799 836 1855 etc.

670 1895 903 1962 Notare
928 1902 1030 1962 est
1078 1898 1363 1962 breviter
1410 1902 1701 1978 tangere,
1753 1915 2270 1962 commemorare.
2319 1903 2553 1980 2.10,2
2627 1906 2814 1962 note-

452 2006 563 2067 tur
599 2004 926 2069 Domitiae
973 2003 1257 2068 familiae
1323 2002 1625 2069 felicitas
1698 2007 1932 2084 2.11,3
1983 2003 2253 2068 Caecilae
2323 2004 2437 2089 (sc.
2485 2003 2811 2088 familiae)

453 2111 741 2175 notanda
788 2118 890 2174 est
937 2110 1272 2175 claritudo,

666 2215 1034 2280 Praedia-ere
1082 2218 1257 2297 apud
1320 2216 1695 2282 Ciceronem
1756 2216 1927 2281 idem
1997 2224 2099 2281 est
2168 2236 2244 2282 ac
2313 2221 2803 2301 praenuntiare,

451 2326 856 2407 denuntiare,
933 2325 1251 2404 indicere3
1315 2324 1488 2404 apud
1552 2324 1876 2389 Velleium
1939 2325 2198 2403 proprie
2254 2330 2356 2389 est
2402 2332 2599 2390 antea
2665 2329 2820 2392 sive·

446 2433 628 2512 prius
669 2433 902 2498 dicere.
929 2432 1007 2497 cf.
1040 2437 1116 2496 ut
1139 2431 1583 2512 praediximus
1636 2436 1885 2512 1.12,1.
1940 2437 2190 2513 1.15,4.
2241 2438 2297 2496 2.
2332 2437 2494 2513 12,2.
2543 2439 2600 2498 2.
2631 2439 2820 2515 21,4..

449 2540 724 2621 saepius,
779 2539 1150 2620 praedictus
1201 2544 1258 2603 2.
1295 2543 1500 2620 107,1.
2834 2538 2843 2548 ’

661 2644 1085 2709 Praescribere
1148 2646 1374 2710 eadem
1435 2645 1693 2709 ratione
1742 2651 1846 2710 est
1892 2650 2047 2710 ante
2093 2664 2213 2711 seu
2261 2646 2444 2726 prius
2492 2649 2803 2715 scribere.

445 2759 502 2817 2.
530 2758 675 2835 21,1
729 2760 802 2817 ut
848 2752 1404 2833 praescripsimus,

661 2857 1062 2921 Procumbere
1134 2878 1264 2924 vox
1315 2859 1657 2939 imprimis
1720 2858 1928 2937 poetis
2006 2858 2366 2941 familiaris,
2433 2880 2472 2925 a
2533 2862 2822 2927 Velleio„

443 2967 768 3032 translate
803 2966 1095 3030 sumitur.
1145 2970 1384 3048 2.16,4
1451 2965 1762 3030 fluentem
1808 2967 2463 3046 procumbentemque
2509 2986 2647 3033 rem
2697 2987 2824 3050 po·-

331 3063 341 3074 ’
441 3075 578 3156 puli
630 3071 908 3137 Romani
955 3071 1323 3137 restituere.

656 3175 986 3248 Praestare
1045 3197 1106 3240 se
1166 3198 1366 3243 aurea
1431 3183 1654 3244 aetate
1713 3197 2065 3258 numquam
2126 3180 2189 3244 in
2257 3181 2493 3245 malam
2541 3187 2800 3262 partem

441 3288 692 3352 dicitur.
762 3285 1049 3349 Velleius
1110 3292 1329 3351 autem
1395 3286 1556 3350 dicit
1616 3292 1673 3350 2.
1702 3291 1849 3367 21,1
1941 3305 2011 3351 se
2070 3287 2336 3351 dubium
2392 3288 2814 3370 mediumque

443 3393 743 3475 partibus
792 3397 1145 3472 praestare.

657 3496 981 3582 Proteyere
1012 3500 1336 3565 translate
1386 3506 1489 3565 est
1513 3500 1725 3565 celare
1751 3504 2031 3582 2.100,5
2098 3499 2458 3579 nequitiam
2506 3502 2791 3582 superci-

438 3607 525 3670 lio
550 3605 720 3670 truci
743 3609 1105 3687 protegere.
1134 3606 1212 3671 cf.
1262 3606 1480 3689 Quint.
1531 3611 1634 3689 8,1
1677 3663 1686 3668 .
1710 3607 2051 3687 parricidii
2097 3606 2572 3672 immanitatem
2618 3615 2809 3674 metu.

438 3713 684 3777 maiore
729 3720 1091 3793 protegere.

655 3816 994 3881 Recurrere
1035 3819 1281 3899 tropice
1314 3825 1547 3884 exstat.
1584 3826 1639 3884 2.
1665 3825 1773 3902 4,6
1834 3819 2112 3884 decessit
2157 3837 2326 3883 anno
2375 3818 2578 3885 ferme
2625 3820 2828 3886 LVI..-

439 3927 517 3990 de
581 3944 706 4005 quo
755 3925 809 3989 si
860 3925 1004 4004 quis
1053 3926 1364 4008 ambigat,
1413 3933 1715 3992 recurrat
1760 3946 1800 3991 a
1845 3927 2126 4007 priorem
2174 3926 2313 3991 eius
2361 3929 2810 3992 consulatum..

653 4029 922 4115 Siquam
983 4032 1245 4113 proprie
1293 4039 1395 4098 est
1442 4034 1701 4115 signum
1750 4034 2154 4113 imprimere3
2204 4033 2355 4097 inde
2402 4034 2651 4098 variam
2684 4034 2828 4096 113-Α

433 4142 546 4205 bet
577 4139 1136 4220 significationem.
1196 4159 1312 4220 pro
1361 4140 1723 4223 ostendere,
1774 4139 2099 4220 explicare
2125 4145 2483 4220 usurpatur
2510 4143 2826 4205 tantum-·

435 4247 620 4312 modo
696 4264 737 4310 a
826 4248 1312 4313 recentioribus,
1442 4247 1607 4312 Vell.
1681 4253 1740 4314 2.
1786 4249 1975 4330 115,1
2048 4247 2226 4327 quali
2276 4229 2573 4312 adiutore
2618 4247 2828 4327 lega-»-

435 4363 632 4436 toque
692 4353 903 4418 fratre
962 4372 1106 4419 meo
1173 4353 1391 4434 Magio
1459 4353 1683 4418 Celere
1728 4353 2063 4418 Velleiano
2116 4372 2269 4419 usus
2318 4354 2423 4436 sit,
2474 4350 2828 4435 amplissi---

433 4482 680 4528 morum
728 4463 1044 4526 honorum
1091 4459 1309 4541 signat
1357 4459 1682 4525 memoria.
1730 4460 1827 4524 ita
1873 4459 2135 4539 saepius
2184 4460 2405 4541 Quint.
