3096 5091
1298 494 1638 553 —15-

318 684 478 748 citur.
564 702 713 747 nam
763 685 883 748 hoc
931 701 1187 764 quoque
1235 683 1422 748 modo
1469 684 1828 766 legentium
1860 685 2106 749 animos
2140 684 2260 748 sibi
2295 683 2641 749 conciliare

314 789 612 854 studebat.
661 789 741 854 cf.
795 794 847 853 1.
900 796 1023 870 7,2.
1070 789 1306 869 quibus
1337 790 1634 870 equidem
1667 790 2077 855 assenserim.
2129 796 2182 854 1.
2236 796 2358 871 7,4.
2411 796 2464 854 1.
2513 795 2642 871 8,4.

311 896 568 964 libenter
635 896 1028 960 assenserim
1102 901 1155 960 1.
1208 901 1374 978 11,6.
1451 902 1503 960 1.
1559 901 1725 977 15,3.
1777 902 1829 960 1.
1884 903 2048 977 18,2.
2094 915 2304 977 neque
2351 916 2471 978 ego
2518 898 2639 961 hoc

310 1003 560 1067 miratus
608 1004 749 1068 sim.
799 1009 856 1067 2.
905 1007 1072 1082 24,4.
1122 1009 1179 1067 2.
1230 1009 1396 1085 53,4.

501 1144 811 1225 Sequitur
857 1151 930 1208 ut
979 1145 1244 1210 nimiam
1279 1150 1634 1224 poetarum
1659 1145 2108 1229 imitationem,
2143 1164 2286 1226 quae
2318 1145 2638 1224 imprimis

304 1258 619 1331 argenteae
665 1253 1019 1316 latinitatis
1068 1260 1168 1316 est
1216 1253 1498 1333 propria,
1552 1252 1729 1333 apud
1775 1253 2099 1318 Velleium
2148 1271 2407 1333 quoque
2456 1253 2634 1318 inve-

292 1358 437 1441 ·niri,
463 1359 775 1439 exemplis
801 1360 1222 1439 comprobem.
1294 1359 1651 1438 saepissime
1667 1360 1919 1439 poetico
1952 1359 2229 1439 quodam
2255 1361 2467 1423 colore
2501 1359 2641 1423 ani-

300 1483 429 1529 mos
452 1465 777 1530 delectare
823 1485 965 1530 eum
995 1465 1278 1546 studere,
1328 1466 1470 1545 quis
1519 1472 1640 1545 est,
1691 1484 1880 1546 quem
1930 1465 2182 1547 ing-iat?
2273 1466 2351 1530 cf.
2406 1472 2642 1549 1.18‚32

297 1572 420 1635 nisi
462 1573 718 1637 Thebas
766 1592 965 1636 unum
1013 1592 1083 1636 os
1154 1572 1422 1636 Pindari
1486 1573 1906 1637 illuminaret.
1957 1579 2013 1637 2.
2044 1579 2146 1654 3,3
2195 1575 2317 1637 hoc
2372 1572 2636 1637 initium

295 1678 365 1742 in
408 1681 561 1744 urbe
609 1679 819 1743 Roma
867 1679 1081 1743 civilis
1113 1679 1453 1759 sanguinis
1501 1679 1999 1760 gladiorumque
2045 1680 2455 1760 impunitatis
2508 1678 2638 1744 fuit

298 1792 355 1849 2.
401 1792 544 1869 27,2
598 1804 948 1866 numquam
999 1786 1333 1851 defuturos
1382 1791 1680 1866 raptores
1728 1787 2000 1851 Italicae
2048 1788 2377 1852 libertatis
2424 1788 2633 1868 lupos,

295 1893 416 1957 nisi
483 1894 652 1957 silva
724 1894 793 1958 in
862 1912 1056 1973 quam
1126 1893 1424 1975 refugere
1496 1895 1780 1958 solerent
1849 1900 2024 1959 esset
2092 1893 2330 1959 excisa.
2380 1901 2435 1958 2.
2484 1899 2642 1975 48,3ψ

293 2000 455 2063 bello
527 2001 706 2089 civili
776 2008 843 2066 et
912 2006 1010 2065 tot
1076 2002 1267 2065 malis
1336 2021 1463 2065 non
1511 2001 1681 2065 alius
1736 2000 2047 2065 maiorem
2096 2002 2366 2065 suciecit
2412 2001 2642 2065 facem.

293 2112 349 2170 2.
397 2114 544 2186 51,2
617 2126 793 2172 mare
861 2108 1183 2188 praesidiis
1253 2109 1557 2172 classium
1627 2114 1944 2188 saepserat
2031 2114 2087 2172 2.
2116 2113 2264 2190 64,3
2331 2113 2637 2172 aeternas

287 2219 474 2279 notas
519 2215 843 2280 memoriae
886 2216 1163 2280 inurere.
1214 2222 1269 2279 2.
1320 2220 1468 2295 91,2
1518 2217 1721 2280 multo
1768 2215 2085 2295 varioque
2132 2216 2345 2279 Marte
2401 2213 2638 2294 pacari.

290 2321 394 2403 (ci.
444 2328 500 2385 2.
530 2318 730 2402 55,3).
823 2327 879 2385 2.
908 2327 1052 2404 68,1
1092 2323 1383 2385 umbram
1416 2327 1582 2386 actae
1635 2321 1732 2385 rei
1781 2339 2029 2401 capere.
2057 2325 2289 2401 2.9Ο,1.
2317 2321 2636 2402 coaluere,

291 2445 432 2507 quae
498 2433 637 2491 tam
707 2428 901 2509 longa
970 2427 1174 2492 series
1243 2446 1566 2491 armorum
1636 2428 2060 2492 laceraverat.
2142 2432 2416 2509 2.107,1
2494 2429 2637 2508 ripa

287 2540 541 2598 armata
587 2534 872 2599 hostium
917 2534 1262 2599 inventute
1310 2533 1535 2616 fulget.
1585 2533 1732 2598 alia.

497 2676 726 2741 Eidem
775 2675 993 2740 studio
1042 2676 1454 2740 tribuendum
1505 2683 1626 2757 est,
1677 2678 1847 2756 quod
1881 2677 2171 2741 Velleius
2221 2695 2405 2757 aeque
2432 2682 2640 2757 atque

286 2784 571 2863 aequales
621 2784 968 2847 abstractis
1017 2789 1082 2846 et
1127 2783 1631 2847 inanimatarum
1678 2802 1894 2847 rerum
1929 2784 2297 2847 nominibus
2349 2783 2634 2848 animum

284 2889 508 2953 subdit
531 2898 598 2954 et
645 2889 981 2953 adiectiva.
1009 2907 1175 2968 quae
1224 2895 1477 2952 tantum
1529 2890 1860 2953 hominum
1887 2890 2256 2953 nominibus
2283 2890 2632 2970 adduntur,

283 2997 484 3062 etiam
526 3015 742 3061 rerum
791 2997 1123 3061 vocabulis
1171 2995 1404 3060 tribuit
1453 2996 1528 3059 ci.
1586 3001 1817 3076 1.16,3
1869 3015 2001 3060 una
2071 3002 2231 3061 aetas
2272 2996 2636 3060 illustravit

279 3104 694 3185 tragoediam‚
743 3122 873 3168 una
921 3103 1199 3182 priscam
1246 3103 1426 3167 illam
1476 3110 1538 3166 et
1590 3108 1879 3166 veterem
1929 3104 2320 3166 comoediam.
2372 3110 2426 3165 2.
2457 3108 2558 3184 31,
2591 3108 2626 3167 3

280 3210 456 3275 oculi
483 3210 662 3274 urbis
708 3210 949 3273 Romae.
999 3217 1056 3273 2.
1105 3215 1250 3288 65,3
1301 3208 1469 3273 vidit
1514 3207 1620 3272 hic
1668 3227 1877 3272 annus
1933 3209 2323 3272 Ventidium.
2374 3214 2430 3272 2.
2481 3214 2629 3289 90,3

278 3318 417 3381 illae
484 3316 834 3396 provinciae
899 3315 1228 3395 Scipiones
1303 3320 1860 3394 consumpserunt,
1931 3314 2062 3377 illae
2131 3315 2298 3378 bello
2354 3314 2637 3379 maiores·

279 3429 543 3487 nostros
615 3429 1063 3487 exercuerunt?
1126 3428 1182 3486 2.
1234 3427 1423 3502 104,3
1486 3422 1610 3485 hoc
1672 3427 1928 3501 tempus
1967 3440 2067 3485 me
2114 3422 2408 3485 mililtem
2456 3420 2631 3486 fecit.

281 3537 344 3593 2.
374 3535 404 3593 1
420 3534 569 3609 15,4
590 3529 704 3592 illa
723 3535 881 3592 aetas
906 3528 1170 3592 maximi
1187 3528 1342 3592 belli
1369 3528 1842 3592 consummavit
1866 3527 2133 3591 effectus
2152 3526 2253 3607 (ci.
2272 3528 2635 3612 Botticher,

278 3635 570 3700 Lexicon
617 3635 951 3698 Taciteum
998 3633 1298 3714 Prolegg.
1346 3653 1404 3713 p.
1453 3633 1502 3696 I.
1542 3631 1838 3713 XLIX).

502 3776 1108 3861 Adiectivalrerum
1141 3776 1507 3840 nominibus
1557 3775 1782 3839 addita
1820 3780 2099 3855 exstant.
2149 3781 2205 3839 2.
2259 3782 2360 3858 7,3
2410 3778 2638 3844 crude·

280 3885 378 3947 les
427 3881 836 3963 quaestiones,
886 3887 943 3945 2.
993 3886 1142 3963 21,3
1193 3886 1381 3945 atrox
1425 3881 1742 3962 proelium.
1793 3887 1848 3945 2.
1890 3887 2035 3963 22,1
2065 3880 2340 3962 pestifer
2363 3883 2635 3973 reditus.

286 3997 326 4055 2
418 3995 564 4071 61,6
613 3988 790 4053 nuda
837 3992 1012 4069 iuga.
1062 3994 1118 4052 2.
1172 3993 1320 4069 76,2
1371 3988 1709 4053 muliebris
1750 3987 1926 4069 fuga.
1978 3995 2034 4053 2.
2090 3992 2275 4066 117,1
2329 3989 2628 4069 epistulae

281 4096 561 4161 funestae
608 4101 670 4162 2.
724 4099 933 4175 12Ο,3.
979 4112 1153 4158 nava
1197 4094 1536 4175 virilisque
1585 4112 1801 4174 opera.

494 4237 542 4303 J
547 4256 650 4300 am
697 4241 1061 4317 sequuntur
1105 4237 1327 4318 verba,
1379 4253 1523 4316 quae
1569 4237 1638 4301 in
1685 4238 1917 4301 librum
1968 4236 2081 4300 ille
2128 4235 2419 4315 admisit,
2479 4253 2625 4299 cum

283 4344 496 4423 poetis
543 4343 697 4408 solis
744 4361 1053 4407 concessa
1085 4343 1238 4424 sint,
1289 4349 1354 4408 et
1401 4343 1637 4425 quibus
1685 4342 1908 4407 eadem
1956 4341 2434 4424 significatione
2468 4359 2632 4405 usus

285 4454 389 4513 est
437 4449 729 4514 Velleius
776 4467 906 4529 qua
958 4455 1182 4529 poetae.
