3096 5091
1255 488 1613 550 ..25-

238 677 348 740 tio.
375 678 650 744 obsceno
674 697 869 744 sensu
903 681 1024 744 hoc
1047 682 1244 746 verbo
1272 699 1428 745 usus
1455 687 1557 746 est
1576 688 1765 747 vetus
1786 685 2111 750 scholiast.
2130 685 2213 749 ad
2231 686 2407 749 Pers.
2442 688 2607 750 1.18.

456 781 796 848 Praedntio
852 792 1045 852 actus
1099 788 1473 866 praedandi.
1539 792 1597 853 2.
1649 795 1751 873 73,
1761 796 1797 855 3
1886 792 2247 856 latrociniis
2303 811 2378 856 ac
2425 811 2607 872 prae-

218 890 612 957 dationibus
660 892 1241 958 infestatummarc
1291 895 1370 959 cf.
1421 896 1569 960 Tac.
1619 897 1741 962 An.
1809 901 1883 958 12
1891 901 2015 980 ,.29

455 999 881 1065 Substantiva
927 1003 1231 1066 exeuntia
1275 1002 1344 1066 in
1389 1022 1464 1064 us
1511 1004 1862 1083 syllabam.

459 1106 845 1170 Adhortatus
917 1111 973 1170 2.
1006 1113 1088 1171 89
1104 1112 1166 1190 ,4
1246 1108 1600 1173 adhortatu
1675 1111 2005 1191 principis.
2078 1111 2326 1196 (Cicero
2411 1112 2599 1176 dicit:

228 1211 538 1296 hortatu.)
585 1233 663 1295 pr
665 1219 844 1278 aete1
868 1214 1077 1278 locum
1125 1215 1532 1280 Velleianum
1583 1218 1779 1282 semel
1827 1218 2271 1282 tantummodo
2296 1220 2418 1283 hoc
2462 1237 2604 1282 ver-

242 1321 391 1385 bum
449 1321 796 1385 invenitur.
860 1319 1080 1405 (Apul.
1150 1322 1424 1405 Apolog.
1488 1342 1689 1403 prope
1753 1324 1961 1388 finem:
2027 1344 2163 1389 rem
2219 1324 2603 1390 familiarem

244 1447 378 1493 meo
430 1428 785 1493 adhortatu
831 1426 995 1492 filiis
1043 1429 1514 1512 condonasset.)

453 1534 800 1600 Intellectus
882 1540 985 1600 est
1040 1536 1508 1619 intelligentia,
1590 1537 1875 1602 retertur
1931 1537 2016 1602 ad
2094 1539 2599 1620 perceptionem,

243 1659 407 1722 quae
453 1660 649 1708 sensu
695 1642 808 1721 fit3
856 1643 952 1706 ita
999 1644 1257 1722 saepius
1322 1644 1579 1708 Plinius
1639 1646 1762 1708 hoc
1813 1646 2012 1710 verbo
2070 1663 2225 1709 usus
2274 1650 2389 1710 est.
2437 1646 2601 1710 Vell.

250 1751 299 1812 1.
353 1755 498 1833 13,5
556 1751 768 1831 magis
800 1769 915 1829 pro
962 1751 1296 1830 republica
1348 1751 1494 1834 fuit,
1554 1770 1813 1816 manere
1844 1753 2056 1816 adhuc
2101 1753 2326 1817 rudem
2383 1753 2602 1818 Corin-

244 1857 527 1921 thiorum
574 1858 997 1940 intellectum,
1049 1874 1242 1938 quam
1288 1859 1354 1921 in
1401 1863 1659 1922 tantum
1707 1877 1783 1922 ea
1830 1859 2143 1940 intellegi.

452 1962 889 2046 Praeparatus
934 1964 1106 2029 idem
1149 1970 1252 2028 est
1300 1982 1376 2028 ac
1418 1965 1830 2045 praeparatio.
1882 1968 1940 2029 2.
1969 1971 2002 2028 7
2013 1968 2116 2048 6,3
2191 1974 2601 2047 praeparatus

241 2072 307 2135 in
352 2073 711 2136 Antonium
761 2071 1089 2153 (Halmius
1149 2072 1331 2152 legit:
1389 2070 1797 2154 apparatus).
1864 2071 1943 2137 cf.
2008 2072 2172 2138 Gell.
2241 2076 2320 2136 lo
2344 2080 2447 2155 ,11
2530 2075 2599 2138 111

246 2188 614 2260 praeparatu
662 2179 760 2242 rei
806 2179 1084 2243 rusticae.
2069 2163 2073 2166 ’

461 2285 886 2350 Transeamus
971 2292 1158 2349 actus
1246 2285 1773 2368 transcurrendi,
1854 2288 2276 2352 transcursio,
2350 2285 2599 2370 (Senec.

231 2394 445 2480 'Suet:)
508 2394 795 2460 Velleius
872 2395 1193 2459 translate
1268 2392 1456 2469 dicit:
1547 2395 1603 2457 2.
1648 2395 1802 2473 55,1
1891 2394 2197 2458 admonet
2266 2395 2598 2473 promissae

244 2504 583 2570 brevitatis
628 2501 816 2582 fideS,
868 2507 1110 2580 quanto
1160 2502 1376 2566 omnia
1408 2509 1792 2566 transcursu
1827 2500 2102 2566 dicenda
2150 2501 2302 2566 sint.
2354 2503 2411 2565 2.
2442 2504 2589 2583 91,1

247 2612 311 2675 in
367 2612 490 2675 hoc
536 2608 921 2675 transcursu
984 2617 1117 2672 tam
1166 2609 1367 2673 artati
1431 2609 1662 2689 operis,
1757 2611 1814 2673 2.
1842 2610 1989 2692 99,3
2076 2609 2241 2673 illud
2286 2609 2482 2674 etiam
2528 2610 2598 2674 in

245 2720 358 2783 hoc
408 2724 792 2782 transcursu
841 2713 1178 2781 dicendum
1227 2722 1346 2781 est.

457 2823 956 2889 Substantivum
987 2823 1053 2886 in
1088 2841 1164 2887 us
1213 2823 1534 2903 syllabam
1578 2823 1876 2887 secundae
1924 2822 2401 2904 declinationiS,
2452 2840 2596 2901 quae

249 2932 501 3012 dicitur,
551 2936 681 2996 est:

456 3037 712 3121 Capena,
758 3038 798 3101 i.
846 3056 1079 3103 nomen
1143 3038 1431 3103 eiusdem
1495 3037 1770 3117 originis
1839 3055 1916 3101 ac
1980 3054 2177 3115 capsa
2203 3085 2218 3116 ,
2268 3040 2370 3100 est
2413 3036 2594 3099 locus

244 3146 513 3211 sudibus
560 3145 667 3209 vel
737 3144 868 3209 alia
921 3164 993 3210 re
1041 3145 1413 3223 6006108118,
1478 3144 1544 3209 10
1613 3162 1738 3223 quo
1788 3142 2100 3206 animalia
2160 3142 2597 3206 continentur.

244 3252 403 3316 Vell.
458 3254 689 3332 1.16,2
724 3251 1259 3331 quemadmodum
1307 3251 1532 3314 clausa
1581 3268 1776 3329 capso
1825 3250 2038 3314 aliove
2104 3254 2306 3328 saepto
2355 3248 2597 3313 diversi

244 3357 499 3439 generis
548 3358 855 3422 animalia
879 3358 1081 3422 nihilo
1107 3358 1321 3421 minus
1368 3363 1677 3437 separata
1722 3356 1955 3420 alienis
1981 3355 2050 3418 in
2092 3374 2292 3420 unum
2320 3374 2596 3435 quoeque
2706 3371 2714 3382 ·

243 3483 471 3545 corpus
518 3471 1017 3547 congregantur,
1065 3464 1163 3528 ita
1210 3469 1329 3529 etc.
1377 3462 1484 3547 (cf.
1531 3463 1793 3528 Vitruv.
1840 3481 2075 3543 capsus
2121 3460 2361 3544 redae.)

450 3572 884 3637 Substantiva
931 3572 1239 3637 exeuntia
1285 3572 1352 3635 in
1399 3590 1471 3634 or
1515 3571 1863 3651 syllabam:

450 3676 864 3761 Admirator,
929 3679 1474 3758 quiadmiratur
1544 3682 1593 3741 1.
1626 3680 1770 3760 13,3
1859 3676 2100 3756 quippe
2163 3673 2379 3756 Scipio
2459 3679 2596 3740 tam

240 3788 502 3868 elegans
564 3789 930 3854 liberalium
987 3786 1352 3850 studiorum
1416 3785 1753 3865 omnisque
1820 3782 2155 3848 doctrinae
2229 3788 2297 3848 et
2367 3787 2598 3847 auctor

240 3899 302 3959 et
348 3894 706 3976 admirator
753 3895 898 3961 tuit.
1000 3896 1128 3960 Pro
1177 3894 1566 3956 aestimatore
1615 3890 1896 3955 sumitur
1958 3908 1997 3953 a
2044 3888 2293 3954 Seneca
2341 3909 2438 3970 ep.
2491 3894 2595 3954 94.

244 4005 337 4064 71.
385 4000 601 4083 Quint.
629 4005 838 4084 2.5,21
899 4003 1256 4067 admirator
1286 4000 1523 4065 nimius
1558 3998 1993 4078 antiquitatis.
2084 3997 2364 4063 Phaedr.
2436 3998 2581 4061 421

243 4106 596 4173 Simonides
643 4110 1000 4173 admirator
1044 4108 1383 4173 maximus

444 4212 785 4279 Eaesecutor
817 4218 1026 4298 2.45,l
1102 4216 1192 4290 ¹P.
1249 4213 1511 4279 Clodius
1541 4213 1858 4278 malorum
1899 4211 2379 4292 propositorum
2413 4227 2595 4273 exse-

242 4323 420 4383 cutor
478 4321 852 4388 acerrimus.
923 4321 1099 4402 apud
1144 4322 1280 4386 IOt.
1343 4325 1445 4385 est
1501 4320 1788 4402 punitor,
1849 4319 2040 4383 ultor.
2107 4317 2330 4381 eodem
2395 4332 2592 4378 sensu

240 4431 451 4491 exstat
532 4428 707 4508 apud
792 4428 969 4494 Suet.
1061 4429 1252 4508 Vesp.
1345 4431 1426 4491 14
1518 4425 1909 4490 offensarum
1977 4421 2592 4498 inimicitiarumque

241 4536 494 4600 minime
541 4552 786 4599 memor
832 4540 1198 4599 executore.
