3096 5091
1338 494 1692 553 -51—

332 682 553 742 autem
616 679 972 748 Pannoniis
1034 701 1163 747 non
1250 683 1630 764 disciplinae
1716 689 2164 754 tantummodo
2237 690 2350 755 sed
2426 690 2689 773 linguae

335 804 590 865 quoque
637 787 874 853 notitia
919 789 1267 855 Romanae.
1319 791 1441 873 (ita
1489 791 1679 872 recc.)

554 889 699 956 Non
752 932 823 940 -—-
878 895 986 958 sed
1031 915 1262 981 quoque
1308 899 1522 963 rarius
1572 899 1814 965 dictum
1862 908 1978 967 est.
2026 903 2190 967 Vell.
2241 910 2298 967 2.
2327 907 2495 986 22,2.

563 1000 644 1063 Ut
670 1038 750 1046 —-
798 1003 885 1075 ita
956 1004 1025 1068 in
1076 1004 1323 1069 deliciis
1371 1011 1472 1070 est
1519 1005 1770 1072 Velleio
1816 1014 1883 1072 et
1930 1010 2187 1090 saepius
2235 1030 2428 1091 quam
2473 1012 2686 1076 vicies

317 1107 614 1187 scripsit.
661 1109 763 1172 bis
808 1129 925 1189 pro
982 1110 1085 1175 his
1109 1111 1449 1191 particulis
1511 1119 1729 1178 exstat
1772 1116 2278 1198 quemadmodu'n
2354 1154 2440 1166 —
2508 1119 2601 1180 ita
2648 1119 2683 1179 1

340 1218 502 1294 16,2.
556 1221 614 1279 2.
672 1219 832 1293 11,3.
879 1223 948 1279 ut
1002 1253 1069 1301 ὴ-
1127 1220 1215 1281 sic
1261 1219 1429 1283 dixit
1476 1221 1639 1284 Vell.
1690 1227 1967 1303 2.129,3.

546 1322 727 1386 Haec
795 1324 1011 1407 habui,
1084 1344 1250 1405 quae
1327 1326 1407 1391 de
1466 1328 1811 1407 particulis
1889 1330 2165 1412 singulis
2244 1332 2534 1413 dicerem3
2604 1352 2685 1398 ex

328 1425 409 1491 iis
455 1434 677 1493 autem
726 1450 889 1510 quae
936 1433 1216 1515 contuli,
1263 1432 1456 1498 facile
1501 1434 1941 1519 intellegitur,
2020 1438 2090 1501 iu
2137 1439 2317 1502 nulla
2341 1457 2413 1504 re
2456 1459 2679 1504 recen-

328 1535 530 1599 tiores
605 1536 815 1618 magis
911 1541 993 1603 ab
1072 1540 1314 1620 optima
1383 1541 1637 1606 dicendi
1695 1543 1948 1608 ratione
2029 1545 2413 1633 dissensisse
2489 1565 2680 1626 quam

323 1644 395 1706 in
410 1642 875 1722 particularum
897 1664 1018 1710 usu
1041 1653 1106 1711 et
1126 1647 1208 1712 iis
1223 1648 1539 1727 imprimis
1560 1649 1826 1732 linguae
1850 1652 2100 1716 ruinam
2128 1652 2357 1718 damno
2371 1660 2588 1736 atque,
2607 1659 2682 1719 ut

321 1749 420 1814 ita
483 1750 712 1832 dicam,
777 1753 1088 1832 perniciei
1166 1753 1389 1820 fuisse.
1463 1756 1630 1821 adde
1706 1759 1854 1841 hoc,
1907 1777 1986 1822 ex
2064 1777 2188 1838 quo
2244 1779 2380 1825 rem
2442 1760 2538 1825 ita
2611 1778 2683 1825 se

322 1859 585 1941 habere,
637 1859 877 1940 optime
934 1861 1229 1926 elucebit.
1265 1867 1420 1926 sunt
1449 1863 1596 1944 loci,
1649 1863 1883 1942 qm'bus
1917 1865 2084 1929 duae
2115 1866 2477 1945 particulae
2509 1866 2679 1930 idem

315 1966 770 2047 significantes
819 1986 933 2045 per
980 1968 1448 2033 abundantiam
1496 1970 1879 2036 coniunctae
1925 1971 2381 2055 inveniuntur,
2448 1973 2544 2037 ita
2608 1979 2682 2038 ut

322 2074 431 2137 vel
478 2074 672 2138 unius
717 2075 821 2138 vel
856 2075 1125 2139 alterius
1172 2075 1273 2140 vis
1308 2077 1565 2140 omnino
1598 2077 1928 2143 interiisse
1959 2078 2280 2143 videatur.
2315 2079 2394 2144 cs.
2444 2086 2501 2144 2.
2528 2082 2678 2160 23‚3

314 2199 395 2241 ao
440 2179 662 2242 deinde
706 2187 842 2264 post
888 2188 945 2246 2.
975 2187 1121 2256 7o‚4
1165 2188 1309 2264 post
1354 2202 1593 2263 paucos
1651 2182 1876 2247 deinde
1923 2185 2078 2251 dies.
2128 2192 2186 2250 2.
2219 2190 2337 2248 117
2349 2191 2405 2267 ,1
2457 2186 2525 2249 in
2557 2187 2680 2251 hoc

312 2287 537 2349 salte-m
585 2287 1022 2353 tantummodo,
1070 2289 1474 2354 abundantia
1519 2291 1589 2354 in
1636 2291 1755 2355 1100
1790 2310 2044 2372 quoque
2074 2292 2213 2356 loco
2246 2293 2419 2357 inest
2468 2299 2526 2356 2.
2553 2282 2680 2372 4,1.

321 2396 593 2475 interim,
616 2394 766 2458 dum
790 2398 948 2460 haec
981 2402 1315 2476 geruntur.
1350 2397 1654 2461 minimae
1687 2416 1881 2463 curae
1914 2399 2162 2463 Velleio
2195 2407 2445 2463 rectum
2478 2400 2681 2480 parti-

318 2504 616 2568 cularum
664 2521 851 2568 usum
915 2501 1138 2585 fuisse,
1204 2503 1356 2569 inde
1416 2521 1673 2584 quoque
1737 2505 2209 2588 cognoscimus,
2278 2505 2451 2586 quod
2513 2506 2679 2571 alias

318 2611 608 2676 crebrius
657 2610 947 2692 admisit,
997 2617 1089 2674 ut:
1141 2611 1381 2691 quippe
1429 2610 1606 2691 (plus
1640 2628 1832 2691 quam
1880 2612 2271 2695 quadragies
2333 2596 2676 2697 invenies'.)

315 2725 392 2783 ut
441 2754 523 2763 --
574 2718 690 2797 ita,
740 2716 898 2780 adeo
956 2722 1048 2799 ut,
1113 2721 1282 2799 tum,
1348 2718 1429 2782 al.
1475 2718 1644 2783 alias
1706 2723 1927 2783 autem
1990 2737 2104 2783 seu
2167 2719 2499 2785 rarissime
2563 2738 2677 2784 seu

312 2841 666 2905 numquam
714 2823 1025 2888 adhibuit:
1074 2824 1235 2905 sive,
1286 2824 1516 2904 quoad,
1568 2844 1815 2906 nempe,
1870 2824 2089 2909 donec,
2140 2832 2259 2891 etc.

525 2950 933 3029 Contemptio
998 2950 1314 3029 quaedam
1374 2950 1622 3031 legum,
1689 2966 1850 3029 quas
1897 2949 2146 3029 priores
2209 2952 2277 3015 in
2324 2951 2667 3032 particulis

312 3057 630 3136 ponendis
680 3057 1137 3138 adhibuerunt,
1189 3063 1461 3137 apparet
1509 3075 1589 3121 ex
1637 3057 1740 3121 his
1789 3073 2041 3137 quoque
2074 3058 2247 3122 locis:
2298 3065 2354 3123 2.
2385 3064 2507 3140 3,4.
2541 3076 2670 3122 11011

310 3164 484 3228 enim
532 3163 621 3227 ibi
651 3165 1017 3229 consistunt
1063 3164 1377 3244 exempla,
1414 3163 1588 3228 unde
1621 3169 1988 3243 coeperunt.
2024 3163 2168 3247 (pro
2202 3182 2412 3244 neque
2446 3163 2666 3249 enim.)

321 3277 374 3335 1.
402 3276 549 3355 33,3
602 3291 751 3336 nam
798 3288 1007 3352 neque
1053 3271 1398 3351 Pompeius
1445 3288 1830 3351 quemquam
1894 3270 2151 3335 omnino
2214 3289 2435 3351 parem
2498 3271 2669 3335 tulit.

313 3384 597 3460 2.119,4
651 3396 779 3442 11011
871 3378 1043 3442 enim
1122 3377 1415 3441 desertor
1482 3376 1826 3459 superfuit,
1876 3376 1992 3441 sed
2061 3376 2351 3442 desertor
2421 3377 2673 3443 occidit.

316 3490 370 3550 1.
402 3491 547 3561 13‚5
572 3504 703 3550 non
729 3492 945 3549 tamen
970 3490 1206 3565 put0.2.
1239 3489 1425 3566 121,1
1478 3501 1727 3564 aequus
1762 3502 1970 3564 quam.
2022 3490 2077 3548 2.
2116 3486 2264 3565 55‚2
2304 3502 2434 3548 non
2487 3484 2673 3549 dissi-

311 3592 487 3657 milis
533 3609 742 3672 quam.

524 3699 684 3763 Cum
745 3698 1214 3778 particularum
1273 3716 1394 3762 usu
1455 3697 1787 3762 artissime
1852 3698 2321 3763 sententiarum
2386 3716 2671 3779 compre-

310 3806 655 3871 hensiones
686 3813 753 3871 et
782 3804 1030 3886 periodi
1054 3806 1420 3870 cohaerent.
1455 3804 1703 3884 priores
1727 3804 1899 3868 enim
1931 3823 2176 3870 summo
2204 3824 2395 3884 opere
2418 3823 2670 3886 semper

310 3912 379 3977 id
427 3912 793 3994 studebant,
844 3916 919 3976 ut
978 3914 1321 3978 enuntiata
1368 3912 1631 3993 singula
1678 3912 2036 3992 aptissimis
2098 3912 2440 3993 particulis
2495 3913 2669 3978 inter

309 4038 385 4085 se
430 4025 789 4103 necterent,
840 4026 913 4084 ut
960 4020 1169 4103 facile,
1222 4019 1537 4100 quomodo
1582 4037 1780 4083 unum
1846 4019 2255 4086 enuntiatum
2317 4038 2397 4083 ex
2460 4021 2665 4086 altero

309 4124 672 4207 profectum
719 4131 911 4209 esset,
985 4132 1500 4208 cognosceretur.
1575 4126 1970 4191 recentiores
2039 4130 2257 4190 autem
2304 4125 2473 4190 hanc
2529 4145 2666 4192 rem

308 4233 756 4316 neglexerunt.
806 4251 887 4298 ex
932 4252 1196 4298 numero
1244 4252 1466 4298 eorum
1514 4232 1713 4297 etiam
1748 4232 2038 4297 Velleius
2070 4239 2190 4314 est,
2240 4232 2351 4313 qui
2382 4233 2666 4312 plerum-

309 4357 437 4420 que
497 4346 613 4404 aut
672 4340 882 4405 tardis
946 4339 1230 4422 periodis
1293 4345 1408 4404 aut
1469 4338 1781 4405 brevibus
1839 4339 2423 4421 enuntiationibUS,
2500 4357 2665 4420 quae

308 4447 523 4512 dicere
556 4449 836 4531 volebat,
886 4448 1099 4513 literis
1131 4447 1488 4530 mandavit,
1538 4465 1668 4511 non
1700 4445 1797 4509 ita
1829 4445 2157 4510 studiosus
2193 4445 2663 4511 sententiarum

310 4552 483 4618 inter
528 4572 598 4619 se
645 4554 1258 4637 coniungendarum.
1306 4560 1508 4634 atque
1555 4552 1810 4617 etiamsi
1857 4550 2294 4633 festinatione,
2354 4569 2484 4631 qua
2544 4555 2663 4620 lib-
