3096 5091
544 715 867 783 Subtexere
922 720 1187 801 proprie
1249 725 1351 786 est
1398 722 1765 802 contexere,
1813 720 2231 802 subnectere3
2276 720 2430 785 inde
2474 723 2697 787 trans·-

326 827 468 892 late
532 827 815 892 sumitur
883 845 999 908 pro
1071 827 1415 892 scribendo
1485 827 1748 910 addere,
1825 826 2236 908 subiungere.
2291 830 2518 910 1.14‚1
2590 828 2698 893 rei.

329 933 504 1014 alqd.
551 933 922 999 subtexere.

551 1015 1030 1122 Transcendere·
1056 1058 1380 1124 translate
1444 1057 1525 1124 de
1582 1059 1878 1124 oratione
1940 1058 2194 1123 dicitur.
2262 1065 2321 1124 2.
2354 1064 2544 1140 130,3
2609 1064 2688 1124 ut

317 1166 411 1231 ad
459 1165 706 1230 maiora
752 1166 1228 1231 transcendam.
1275 1166 1372 1230 ita
1416 1164 1638 1248 Quint.
1685 1184 1956 1246 quoque.
2010 1172 2130 1248 7,1.
2179 1185 2235 1230 a.
2281 1165 2445 1231 med.

550 1286 933 1372 Tramyredi
992 1308 1108 1369 pro
1169 1290 1432 1354 silentio
1494 1290 1855 1370 praeterire
1913 1298 2131 1356 exstat
2179 1294 2453 1374 2.108,1
2504 1292 2692 1356 nulla.

318 1397 663 1464 festinatio
710 1397 905 1462 huius
949 1396 1079 1462 viri
1111 1397 1519 1462 mentionem
1566 1398 1943 1480 transgredi
1988 1397 2196 1463 debet.

1263 1704 1540 1816 caput
1604 1697 1751 1795 IV.

1083 1878 1172 1945 De
1221 1877 1481 1945 rationo
1528 1879 1932 1963 syntactica.

539 2004 667 2072 Sed
730 2005 1125 2070 enumeratis
1186 2004 1454 2070 vocibus
1511 2010 1579 2070 et
1640 2023 1802 2086 quas
1857 2006 2152 2072 Velleius
2199 2006 2447 2087 primus
2497 2025 2693 2071 usur-

316 2111 510 2194 pavit
550 2117 615 2177 et
648 2112 883 2192 quibus
917 2130 1152 2201 novam
1186 2111 1734 2193 significationem
1785 2112 1983 2195 dedit,
2034 2113 2330 2193 sequitur
2372 2118 2465 2195 ut,
2515 2132 2683 2194 quae

314 2219 393 2284 in
439 2218 693 2284 ratione
741 2219 1112 2301 syntactica
1156 2218 1523 2302 novaverit,
1573 2219 1911 2315 explicem.

535 2345 635 2410 Ac
703 2345 982 2425 primum
1052 2343 1310 2422 quidem
1366 2343 1661 2424 genetivi
1729 2363 1888 2409 usus
1952 2345 2127 2425 apud
2175 2345 2494 2410 Velleium
2542 2364 2676 2410 non

320 2452 634 2516 abhorret
679 2471 719 2516 a
764 2451 1054 2532 priorum
1102 2451 1353 2515 dicendi
1402 2452 1677 2534 ratione,
1726 2470 1872 2517 cum
1918 2452 2015 2517 illi
2061 2452 2190 2517 iam
2239 2455 2412 2517 hunc
2460 2471 2681 2519 casum

332 2559 605 2625 liberius
669 2542 1107 2624 adhibuerint.
1169 2559 1343 2641 apud
1412 2559 1735 2625 Velleium
1799 2561 2008 2625 solum
2075 2560 2359 2626 inveniri
2415 2549 2733 2626 videtur'

325 2659 676 2749 genetivus
739 2667 939 2746 pretii
985 2666 1145 2728 tanti
1190 2666 1480 2746 pendens
1528 2684 1612 2731 ex
1673 2668 1874 2732 verbo
1932 2667 2293 2732 habitandi.
2340 2673 2573 2751 2.10,1
2625 2667 2690 2733 si⁴

317 2774 470 2853 quis
516 2774 689 2838 tanti
734 2774 1010 2854 habitet,
1061 2779 1180 2838 etc.

535 2897 767 2964 Dativi
831 2916 989 2962 usus
1050 2898 1225 2978 apud
1277 2898 1680 2964 recentiores
1741 2899 1943 2964 latius
2005 2905 2189 2979 patet
2234 2918 2426 2979 quam
2478 2917 2693 2963 aurea.

312 3008 541 3067 aetate
619 3003 993 3086 latinitatiS,
1046 3005 1200 3084 quia
1261 3005 1360 3069 illi
1421 3006 1631 3070 multa
1685 3008 1889 3071 verba
1945 3026 2088 3071 cum
2151 3006 2476 3087 simplicia
2535 3013 2677 3070 tum

313 3110 735 3191 potissimum
802 3111 1162 3191 composita
1208 3130 1350 3177 cum
1402 3112 1625 3178 dativo
1675 3095 2169 3196 coniunxerunt,
2229 3131 2374 3177 cum
2420 3112 2675 3193 priores

317 3217 842 3298 praepositiones
898 3223 1218 3298 ponerent
1274 3220 1379 3283 vel
1426 3220 1600 3299 apud
1648 3222 1852 3285 verba
1899 3221 2259 3312 composita
2307 3238 2445 3285 eam
2492 3237 2685 3298 repe--

309 3329 551 3418 terent.
613 3343 824 3404 neque
882 3326 949 3389 id
1014 3309 1460 3390 tantummodo
1525 3326 1606 3393 de
1669 3327 1890 3391 dativo
1970 3326 2312 3420 dicendum
2374 3330 2491 3407 est,
2558 3325 2688 3389 sed.

310 3429 515 3494 etiam
569 3432 935 3497 accusativi
966 3437 1035 3497 et
1080 3433 1355 3498 ablativi
1402 3424 1627 3498 eadem
1672 3434 1928 3528 ratione
1972 3433 2258 3514 pendent
2305 3450 2388 3496 ex
2431 3432 2684 3515 verbiS,.

309 3553 488 3617 quae
535 3539 759 3604 Cicero
807 3546 875 3604 et
921 3539 1141 3605 Cacsar
1187 3558 1332 3605 cum
1381 3542 1973 3621 praepositionibus
2022 3541 2516 3605 coniunxerunt.

335 3654 339 3658 ’
532 3644 841 3726 Sequitur
889 3646 1152 3711 dativus
1200 3648 1375 3728 apud
1420 3646 1740 3712 Velleium
1792 3650 1951 3714 haec
1997 3648 2234 3713 verba:

536 3752 812 3836 iunyere,
874 3753 1047 3834 quod
1111 3753 1335 3819 Cicero
1401 3753 1539 3820 iere
1601 3774 1932 3835 nunquam
1990 3755 2129 3819 sine
2191 3753 2686 3835 praepositione·

308 3878 453 3922 cum
475 3858 773 3942 (excepto
798 3859 1142 3941 participio
1166 3861 1435 3942 iunctus)
1484 3863 1682 3941 ponit.
1733 3868 1789 3926 2.
1816 3868 1966 3943 80,2
1994 3861 2284 3942 Lepidus
2311 3860 2670 3926 exercitum

304 3966 579 4047 Pompei
625 3966 751 4031 sibi
795 3967 1119 4033 iunxerat.
1169 3974 1226 4033 2.
1254 3971 1408 4050 92,4
1454 3968 1749 4049 speravit
1798 3977 1870 4033 ut
1915 3974 2292 4049 praeturam
2342 3967 2668 4033 aedilitati

311 4071 415 4136 ita
455 4074 862 4137 consulatum
907 4080 1261 4154 praeturae
1286 4093 1357 4139 se
1382 4073 1773 4139 iuncturum.
1823 4080 2122 4157 2.106,3.
2173 4079 2478 4157 2.110,4.
2526 4072 2680 4138 veri.

325 4177 539 4244 simile
596 4180 803 4261 igitur
863 4185 966 4245 est
1020 4187 1290 4262 propter
1375 4181 1926 4262 comparationem
2002 4180 2104 4247 his
2182 4198 2436 4261 quoque
2511 4180 2683 4243 locis

309 4288 586 4352 verbum
627 4288 942 4371 iungendi
991 4307 1136 4353 cum
1183 4287 1405 4354 dativo
1453 4289 1872 4354 coniunctum
1920 4306 2077 4354 esse.
2127 4282 2370 4367 2.’5-2,2
2435 4286 2682 4350 castris-

310 4395 583 4476 Pompei
617 4414 740 4461 sua
769 4396 1058 4478 iungere.
1093 4401 1153 4460 2.
1181 4399 1331 4477 76,2
1365 4389 1726 4460 Domitium
1773 4396 1988 4460 iunxit
2032 4391 2336 4459 Antonio.
2385 4398 2442 4457 2.
2478 4396 2678 4473 110,5-

313 4501 585 4567 consilio
640 4502 795 4568 belli
855 4503 1100 4569 bellum
1144 4500 1435 4584 iungere.
1485 4507 1771 4584 2.112,4
1841 4499 2337 4568 Rhoemetalces
2405 4499 2681 4564 iunctus
