3096 5091
1367 511 1720 570 ..8-

353 721 478 784 pro
552 699 823 766 sordidis
890 703 1069 767 solita
1145 706 1325 781 sunt,
1397 702 1582 763 etiam
1656 702 1728 763 in
1785 702 2064 765 oratione
2124 700 2286 785 quod
2343 720 2564 765 novum
2611 706 2725 775 est,

362 808 601 892 quaerit
660 815 715 871 et
760 809 934 872 modo
995 809 1254 892 antiqua
1313 807 1492 870 verba
1547 813 1724 891 atque
1769 809 1998 871 exoleta
2042 813 2281 871 revocat
2325 827 2398 870 ac
2446 805 2724 889 profert,

363 912 539 977 modo
591 917 763 1000 finqit
823 923 877 980 et
935 918 1147 999 1ἰφιοιῇα
1207 913 1489 993 deflectit,
1547 913 1743 992 modo,
1804 913 1875 977 id.
1929 913 2089 1000 quod
2152 934 2351 998 nuper
2397 913 2721 985 increbuit,

358 1042 476 1105 pro
520 1022 686 1085 cultu
729 1022 983 1087 habetur
1028 1022 1243 1108 audax
1288 1021 1615 1084 translatio
1659 1040 1733 1083 ac
1760 1020 2130 1106 frequens.“

578 1130 856 1195 Accedit
894 1149 989 1214 e0,
1047 1129 1222 1210 quod
1267 1128 1401 1194 illis
1446 1128 1851 1209 temporibus
1899 1147 1981 1194 ex
2027 1128 2378 1209 provinciis
2426 1129 2726 1194 urbibus-

365 1255 489 1316 que
515 1237 781 1301 remotis
806 1238 996 1301 multi
1040 1236 1330 1300 homines
1376 1235 1652 1300 Romam
1699 1234 2133 1317 confluebam,
2182 1235 2295 1315 qui
2341 1253 2462 1300 sua
2509 1234 2725 1300 1110611-

365 1344 431 1408 111
477 1343 944 1409 consuetudine
993 1354 1283 1408 veterem
1308 1342 1747 1407 Romanorum
1795 1360 2155 1407 sermonem
2203 1344 2723 1429 corrumpebant.

364 1449 678 1531 imprimis
727 1454 946 1513 autem
994 1448 1393 1515 Graecorum
1440 1448 1668 1529 lingua
1715 1448 1987 1512 latinam
2037 1449 2327 1529 linguam
2374 1454 2725 1514 commuta-

365 1563 499 1621 tam
547 1562 743 1636 atque
789 1555 1215 1635 depravatam
1263 1573 1442 1635 esse,
1492 1555 1667 1619 inter
1713 1573 1935 1619 omnes
1982 1562 2255 1620 constat.
2318 1574 2500 1632 ,nam
2550 1574 2717 1635 cum,

365 1664 733 1744 quicunque
771 1663 1012 1727 artium
1037 1663 1258 1727 studia
1282 1661 1724 1741 adamaverat,
1752 1662 2027 1726 multum
2072 1662 2141 1726 in
2191 1662 2463 1729 Graecis
2509 1662 2723 1727 literis

362 1775 739 1837 versaretur
807 1774 1005 1849 atque
1083 1788 1316 1852 graece
1386 1769 1786 1850 loqueretur,
1861 1769 2180 1848 paulatim
2252 1769 2478 1848 multa,
2554 1786 2723 1848 quae

364 1877 628 1958 propria
677 1882 832 1941 sunt
878 1876 1072 1941 huius
1119 1876 1385 1955 linguae
1432 1876 1515 1939 ad
1563 1877 1836 1940 latinam
1883 1877 2171 1956 linguam
2222 1876 2611 1939 transibant.

581 1983 709 2048 Sed
770 1983 1084 2061 expositis
1146 1982 1539 2057 summatim,
1591 1982 1828 2062 quibus
1876 1982 2283 2063 potissimum
2332 1982 2583 2047 laboret
2629 1983 2721 2046 la-

362 2091 596 2155 tinitas
660 2096 973 2170 argentea
1019 2089 1220 2171 vitiis,
1279 2089 1360 2153 ad
1419 2088 1605 2170 illud,
1655 2089 1828 2169 quod
1873 2089 2327 2169 explicandum
2375 2090 2534 2154 mihi
2579 2106 2727 2170 pro-

367 2197 575 2279 posui,
614 2197 823 2278 veni0,
851 2202 926 2265 ut
972 2196 1289 2277 quomodo
1337 2214 1480 2261 cum
1528 2204 1891 2276 temporum
1940 2205 2080 2260 tum
2126 2197 2403 2267 maxime
2456 2198 2727 2278 linguae

366 2305 559 2369 ruina
628 2321 711 2368 ex
780 2302 1002 2371 velleii
1055 2301 1386 2370 Paterculi
1464 2301 1651 2369 libris
1709 2303 2010 2383 cognosci
2057 2303 2282 2385 possit,
2331 2310 2724 2382 perscruter.

364 2418 443 2476 ut
474 2431 510 2477 e
534 2429 767 2492 magno
794 2410 1185 2491 scriptorum
1216 2430 1505 2493 1111111610,
1557 2411 1667 2491 qui
1716 2410 2045 2475 Caesarum
2079 2410 2477 2488 temporibus
2524 2411 2724 2477 libros

368 2536 783 2601 composuere
852 2518 1170 2584 Velleium
1240 2518 1657 2584 Paterculum
1728 2517 2136 2597 potissimum
2227 2517 2557 2600 eligerem,
2648 2536 2730 2583 ea

367 2627 649 2691 maxime
663 2644 736 2690 re
754 2644 896 2690 sum
912 2633 1264 2708 permotus,
1286 2626 1455 2705 quod
1481 2627 1593 2690 ille
1611 2626 1859 2706 primus
1878 2631 1979 2690 est
1995 2626 2275 2705 scriptor
2290 2626 2469 2689 illius
2488 2626 2726 2707 aetatis,

369 2733 641 2813 ideoque
683 2732 960 2812 pretium
1005 2751 1242 2813 operae
1289 2750 1431 2798 esse
1478 2732 1729 2812 putavi,
1780 2741 2179 2814 argenteam,
2233 2738 2307 2796 ut
2351 2732 2447 2797 ita
2495 2732 2726 2813 dicam,

368 2840 764 2904 latinitatem
824 2839 1020 2903 huius
1084 2838 1421 2918 scriptoris
1485 2856 1876 2920 cognoscere
1934 2846 2000 2903 et
2056 2857 2183 2903 non
2232 2838 2440 2904 solum
2490 2838 2729 2919 quibus

370 2947 438 3011 in
503 2948 697 3011 rebus
755 2947 836 3008 ab
885 2945 1273 3025 optimorum
1321 2945 1713 3025 scriptorum
1762 2944 2014 3010 dicendi
2059 2946 2312 3010 ratione
2359 2947 2730 3026 abhorreat,

363 3054 487 3118 *sed
544 3053 763 3132 etiam,
815 3070 983 3131 quae
1031 3059 1212 3117 esset
1259 3052 1552 3136 condicio
1601 3054 1843 3118 aetatis
1889 3053 2047 3135 61118,
2099 3053 2560 3118 demonstrare.
2616 3053 2732 3118 sed

373 3160 528 3241 quia
586 3158 743 3223 mihi
809 3158 1124 3238 persuasi,
1175 3177 1303 3223 non
1352 3159 1516 3223 satis
1558 3159 1718 3223 mihi
1768 3178 1910 3224 esse
1956 3159 2193 3224 virium
2240 3161 2323 3225 ad
2369 3161 2549 3225 illam
2596 3178 2731 3226 rem

376 3266 722 3347 diligenter
758 3271 955 3345 atque
1003 3272 1307 3330 accurate
1353 3251 1834 3347 perficiendam,
1905 3266 2291 3345 praesertim
2362 3286 2505 3332 cum
2572 3285 2732 3348 pau-

372 3374 435 3438 ci
466 3373 677 3437 adhuc
702 3372 817 3436 tali
851 3372 1068 3436 studio
1094 3390 1166 3437 se
1194 3372 1492 3437 dederint
1524 3371 1633 3456 (cf.
1681 3373 2103 3457 Bernhardy,
2151 3373 2336 3437 Rom.
2366 3374 2732 3438 Literatur-

377 3479 609 3545 Gesch.
658 3500 717 3560 p.
745 3477 901 3563 321)
949 3496 1221 3559 quorum
1253 3498 1333 3543 ex
1382 3480 1688 3559 operibus
1735 3479 1992 3544 fructus
2024 3480 2094 3544 111
2126 3497 2230 3544 1116
2262 3480 2728 3561 redundarent,

376 3587 637 3653 veniam
684 3591 856 3669 pet0,
905 3585 1076 3666 quod
1122 3586 1253 3649 tale
1301 3604 1462 3665 opus
1510 3586 1780 3669 aggredi
1828 3604 2028 3651 ausus
2076 3586 2216 3651 sim.

589 3695 689 3758 Ac
718 3692 998 3773 primum
1031 3693 1084 3757 si
1118 3693 1290 3774 licet,
1340 3694 1568 3774 paucis
1601 3693 1959 3774 explicabO,
2024 3693 2562 3773 quemadmodum
2591 3692 2732 3758 illo-

374 3819 521 3865 rum
567 3805 931 3881 temporum
977 3805 1237 3883 natura,
1288 3818 1479 3879 quam
1534 3818 1803 3881 prorsus
1864 3800 2062 3864 aliam
2129 3807 2331 3880 atque
2392 3799 2601 3865 libera
2659 3816 2733 3864 16

377 3906 641 3986 publica
685 3906 886 3971 fuisse
933 3905 1191 3988 scimus,
1242 3907 1411 3987 apud
1462 3906 1783 3972 Velleium
1808 3907 2228 3971 Paterculum
2278 3924 2533 3986 quoque
2588 3924 2732 3986 per-

374 4013 714 4095 spiciatur,
763 4018 902 4076 tum
934 4012 1168 4090 quibus
1200 4013 1269 4077 111
1315 4015 1514 4078 1611118
1561 4015 1642 4078 ab
1676 4013 2065 4093 optimorum
2098 4013 2489 4093 scriptorum
2521 4013 2734 4078 elocu-

376 4120 555 4185 tione
602 4120 879 4201 differat,
928 4118 1284 4185 videamus

593 4225 753 4309 Quis
786 4227 992 4308 igitur
1022 4231 1141 4309 est,
1190 4226 1497 4305 perlectis
1531 4226 1763 4291 Velleii
1792 4225 2125 4290 Paterculi
2157 4224 2364 4309 libris,
2402 4227 2558 4306 quin
2588 4243 2736 4289 con-

379 4333 588 4416 cedat,
635 4332 1100 4398 liberalitatem
1148 4331 1350 4413 illam,
1401 4351 1530 4413 qua
1579 4332 1830 4413 priores
1878 4330 1979 4396 usi
2026 4336 2198 4414 sunt,
2248 4331 2521 4411 quinon
2555 4332 2736 4397 dubi-

374 4447 616 4525 tarent,
665 4457 1086 4521 quaecunque
1117 4438 1516 4520 sentiebant,
1567 4439 1769 4503 libere
1802 4438 2037 4520 dicere,
2082 4438 2344 4504 omnino
2374 4439 2554 4518 apud
2584 4456 2735 4503 eum
