3096 5091
1387 521 1744 584 ...39-

596 713 838 778 illidere
884 734 1028 802 cum
1077 713 1206 779 dat.
1264 713 1680 780 coniunctum
1737 718 1957 780 exstat
2001 718 2302 792 2.12Ο,4.
2365 719 2754 779 catenarum

375 839 615 906 seriem
665 817 865 920 capiti
912 838 1185 904 illidere.
1233 857 1373 902 cum
1419 829 1903 918 praepositione
1947 838 2019 901 in
2067 844 2127 905 2.
2154 845 2187 903 7
2195 845 2277 920 ,2.

592 962 942 1027 immiscere.
1014 969 1069 1027 1.
1094 968 1198 1044 2,1
1248 962 1584 1028 immixtus
1632 962 1888 1028 castris
1934 962 2110 1044 (inde
2157 982 2198 1028 a
2242 963 2475 1044 Livio.)

590 1069 859 1153 injicere.
909 1077 968 1135 2.
995 1075 1148 1152 33,4
1191 1070 1395 1134 moles
1443 1072 1630 1135 mari.
1673 1069 1941 1153 injicere
1986 1070 2054 1135 in
2104 1075 2163 1135 2.
2194 1075 2359 1153 19,2.

589 1176 786 1239 inniti
831 1176 1104 1258 genibus
1153 1177 1365 1259 (Poet.
1413 1173 1605 1258 rece.)
1655 1182 1715 1241 2.
1740 1181 1913 1257 83,2.

588 1282 878 1347 inserere.
926 1286 1211 1365 2.103,4
1257 1301 1488 1348 manus
1536 1283 1734 1348 coelo.
1764 1281 1975 1367 (Poet.
1999 1282 2174 1365 Liv.)
2206 1285 2356 1349 huic
2406 1285 2542 1349 loco
2576 1285 2753 1350 inse-

362 1408 539 1456 rere.
578 1396 629 1454 1.
663 1395 828 1473 14,1.
874 1396 1104 1455 tantae
1150 1408 1368 1454 rerum
1416 1390 1855 1473 magnitudini
1903 1390 2071 1471 alqd.
2120 1395 2421 1475 2.107,1.

587 1496 886 1560 insistere.
940 1501 996 1560 1.
1023 1494 1102 1561 17
1112 1500 1175 1577 ,4
1220 1496 1397 1562 notis
1429 1502 1812 1577 temporum.
1861 1502 1921 1563 2.
1949 1502 2049 1580 3,1
2104 1497 2372 1563 summis
2406 1499 2739 1579 gradibus.

375 1621 504 1684 pro
550 1603 857 1669 insistere
903 1602 972 1666 in
1020 1602 1178 1685 (Cic.
1228 1601 1411 1682 Caes.)

590 1698 972 1792 interponere
1038 1711 1092 1772 1.
1123 1713 1291 1789 11,4.
1355 1713 1414 1774 2.
1444 1712 1568 1791 7,4.
1616 1714 1675 1775 2.
1704 1713 1873 1793 50‚3.
1935 1706 2091 1792 (Cic.
2151 1711 2622 1777 tantummodo:
2671 1729 2743 1777 se

367 1817 794 1900 interponere
839 1814 983 1900 rei.)

575 1942 986 2007 praeparare.
1032 1928 1335 2005 2.109,2.
1381 1923 1614 1990 maiori
1678 1923 1859 2004 operi
1918 1942 2314 2004 praeparare
2374 1924 2566 2004 alqm.
2624 1943 2752 2005 pro

364 2049 767 2114 praeparare
813 2031 917 2097 ad.

586 2144 1018 2220 prosternere.
1067 2143 1368 2219 2.114,4.
1417 2137 1694 2219 pedibus
1740 2157 1859 2219 pro
1904 2138 1993 2202 ad
2035 2138 2250 2218 pedes.

585 2247 976 2310 summittere.
1024 2252 1084 2312 2.
1112 2250 1281 2327 37,4.
1327 2245 1542 2311 alicui.
1592 2246 1796 2324 (Poet.
1845 2244 2099 2328 Senec.)

463 2352 625 2417 Haec
668 2350 969 2416 adiectiva
1015 2352 1265 2434 priores
1313 2371 1439 2417 non
1491 2370 1637 2417 cum
1685 2351 1908 2417 dativo
1956 2352 2456 2418 coniunxerunt:

586 2457 910 2525 absurdus.
960 2466 1018 2524 2.
1047 2464 1215 2542 38,1.
1249 2459 1482 2543 (semel
1506 2478 1548 2524 a
1580 2460 1731 2524 Tac.
1764 2459 1933 2524 Ann.
1987 2464 2134 2539 12,9
2181 2461 2290 2529 ita,
2311 2460 2554 2525 dietum
2588 2457 2742 2543 est.)

589 2568 980 2651 coynominis.
1033 2573 1085 2631 1.
1121 2572 1218 2647 1,1
1254 2567 1513 2649 patriae
1541 2585 1720 2633 suae.
1747 2567 2002 2632 discere.
2029 2573 2092 2634 2.
2118 2573 2270 2650 37,3
2318 2567 2510 2647 patri.
2544 2564 2742 2628 diver-

361 2693 495 2739 sus.
544 2680 601 2739 2.
631 2680 664 2738 7
674 2680 776 2756 5,2
826 2673 1296 2754 praesentibus,
1346 2676 1401 2737 2.
1430 2676 1586 2758 80,2
1635 2673 1897 2740 diversa
1925 2673 2040 2755 iis,
2104 2691 2270 2754 quae
2315 2673 2466 2738 aliis
2528 2673 2741 2753 place-

365 2782 548 2845 bant.
595 2780 835 2845 habilia
885 2786 1183 2863 2.110,3.
1219 2784 1277 2845 2.
1307 2786 1518 2863 113,2.
1554 2780 1713 2863 (Cic.
1759 2780 1874 2865 ad)
1934 2778 2190 2849 idmzeus
2238 2783 2497 2861 2.12,2.
2546 2778 2746 2862 (Caes.

364 2887 456 2952 ad
503 2892 618 2952 aut
664 2886 825 2970 dat.)
859 2907 1118 2970 pronus
1173 2891 1224 2953 l.
1251 2893 1375 2969 9,2.
1419 2885 1741 2952 secwndus.
1792 2890 1851 2950 2.
1881 2891 2048 2970 76,1.

583 2993 987 3058 Accusativus
1033 2994 1331 3073 sequitur
1377 2993 1554 3073 apud
1583 2993 1905 3059 Velleium
1956 2994 2164 3059 multa
2194 2996 2426 3077 verba,
2455 3014 2622 3075 quae
2655 2997 2744 3061 ab

369 3100 636 3183 optimis
682 3102 1114 3183 scriptoribus
1159 3101 1579 3166 intransitive
1623 3112 1976 3180 ponuntur.

583 3209 927 3292 auspicari.
975 3211 1255 3290 2.101,2
1304 3208 1581 3271 militiae
1614 3208 1907 3289 gradum.
1956 3208 2083 3290 (ita
2127 3210 2405 3274 verbum
2451 3214 2746 3273 tantum·

364 3315 557 3381 modo
604 3336 644 3381 a
687 3316 1161 3381 recentioribus
1208 3316 1605 3395 usurpatur.)

584 3421 804 3486 cedere.
854 3428 910 3487 2.
938 3427 1091 3503 85,5
1139 3420 1508 3486 victoriam.

585 3527 918 3594 concedere.
981 3534 1043 3593 1.
1070 3532 1194 3612 322.
1243 3535 1304 3594 2.
1334 3534 1482 3611 77,2
1534 3527 1602 3592 in
1647 3528 1771 3592 hoc
1818 3526 2078 3620 foedere
2125 3527 2375 3607 placuit
2443 3525 2744 3592 Siciliam.

362 3639 811 3718 Achaiamque
856 3636 1164 3715 Pompeio
1214 3634 1589 3726 concedere.

583 3746 941 3826 constrepere.
995 3747 1048 3807 1.
1080 3746 1186 3823 1,4
1232 3760 1373 3806 sors
1422 3742 1834 3823 Tyrrhenum
1883 3740 2174 3821 contigit.
2227 3738 2453 3825 (Plin.)

549 3909 559 3921 ,
587 3848 958 3914 descendere.
1004 3852 1060 3913 2.
1090 3853 1257 3931 54,4.
1292 3847 1692 3913 descendens
1726 3848 2087 3931 (Halmiusz
2138 3848 2529 3933 ascendens)
2555 3869 2738 3915 mon·

374 3964 509 4024 tem
556 3958 795 4023 Tifata.
845 3956 973 4021 Cic.
1024 3955 1214 4040 (Oaes.
1267 3974 1366 4037 ex,
1418 3955 1518 4037 de,
1570 3952 1699 4039 ab.)

580 4065 745 4129 eniti.
795 4070 852 4128 2.
881 4067 1026 4145 95,1
1079 4064 1268 4144 alqm.
1318 4060 1498 4146 (inde
1546 4082 1587 4127 a
1630 4060 1869 4147 Livio.)

580 4171 871 4237 excedere.
920 4169 1096 4255 (inde
1152 4189 1191 4234 a
1248 4169 1484 4252 Livio.)
1536 4176 1590 4233 1.
1619 4174 1741 4252 9,6.
1804 4169 2350 4251 1.16,11“οι·1113.111
2396 4168 2740 4249 propositi.

363 4282 406 4342 2
441 4282 608 4359 51,3.
660 4282 716 4342 2.
746 4284 915 4358 56,3.
971 4279 1320 4342 humanam
1370 4276 1578 4341 fidem.
1630 4281 1688 4340 2.
1720 4282 1892 4360 66,3.
1943 4280 1999 4340 2.
2035 4278 2226 4358 122,2
2275 4276 2551 4341 modum.

581 4383 939 4468 intelleqere.
988 4386 1266 4467 2.114,5
1316 4384 1508 4463 alqm.
1558 4386 1843 4467 2.116,4
1878 4382 2097 4466 (Poet.
2143 4383 2340 4464 recc.)

579 4489 869 4554 invadere
914 4492 1154 4556 hostes,
1203 4492 1480 4573 2.112,6
1530 4509 1648 4570 pro
1694 4491 1761 4555 in
1808 4491 2046 4555 hosteS.
