3096 5091
487 686 641 766 lupi.
702 684 854 750 ibid.
912 691 971 750 8.
1019 690 1166 750 438.
1215 686 1410 766 Verg.
1459 686 1622 750 Aen.
1672 691 1733 748 2.
1783 690 1928 749 336.
1976 681 2304 767 Propert.)
2351 683 2519 747 Vell.
2584 688 2647 746 2.
2705 688 2890 763 27,2’

490 800 788 873 raptores
834 793 1111 859 Italicae
1157 792 1487 856 libertatis
1535 791 1691 872 lupi.

704 915 976 999 Sanquis
1017 922 1173 981 sunt
1204 916 1395 981 liberi
1447 915 1707 998 (Horat.
1741 917 1949 982 Carni.
1983 922 2043 981 4.
2082 921 2252 1000 2,41.
2300 915 2430 979 Ars
2478 920 2653 994 poet.
2711 920 2877 979 292.

488 1025 686 1105 Verg.
750 1025 910 1088 Aen.
979 1030 1034 1088 6.
1100 1028 1248 1088 836.
1308 1024 1543 1088 Tibull.
1605 1028 1659 1087 1.
1719 1023 1937 1107 6‚66.).
1987 1024 2149 1089 Vell.
2203 1029 2257 1087 1.
2310 1028 2455 1103 10‚5
2506 1040 2680 1101 quae
2733 1041 2874 1088 vox

490 1130 693 1195 veluti
730 1130 990 1201 oraculo
1025 1130 1262 1194 emissa
1293 1149 1532 1211 magna
1564 1137 1757 1210 parta
1789 1149 1936 1195 eum
1982 1129 2289 1211 spoliavit
2335 1129 2686 1211 sanguinis
2739 1129 2889 1194 sui:

707 1234 880 1299 Situs
904 1239 1226 1302 translate
1259 1238 1538 1303 sumitur
1570 1256 1685 1317 pro
1718 1238 2037 1319 squalore,
2072 1237 2317 1318 illuvie,
2368 1256 2497 1316 qua
2522 1235 2884 1300 obducun-

489 1350 601 1408 tur
660 1363 768 1409 reS
829 1344 940 1408 diu
1000 1345 1340 1426 neglectae
1404 1364 1530 1408 uno
1591 1345 1659 1408 in
1721 1345 1876 1408 loce.
1939 1344 2175 1409 Tibull.
2243 1349 2298 1407 1.
2366 1346 2556 1425 11,10
2627 1342 2878 1407 tristia

492 1448 641 1516 duri
698 1451 924 1515 militis
995 1451 1062 1514 in
1125 1451 1416 1516 tenebris
1482 1455 1753 1531 occupat
1816 1470 1998 1515 arma
2060 1451 2243 1515 situs
2292 1450 2478 1516 Ovid.
2526 1452 2755 1515 Amor.
2836 1452 2865 1510 1

491 1558 932 1639 8,51.Ve11.2
996 1559 1198 1640 126,2.
1246 1559 1543 1637 sepultae
1593 1576 1669 1622 ac
1716 1558 1847 1622 situ
1896 1557 2148 1622 obsitae
2198 1557 2474 1640 iustitia,
2526 1557 2876 1639 aequitas,

491 1664 819 1728 industria
868 1664 1125 1730 civitati
1172 1664 1486 1730 redditae.

708 1768 937 1854 Superi
1018 1779 1172 1836 sunt
1251 1773 1661 1855 superstites,
1734 1772 2054 1854 viventeS,
2130 1771 2361 1850 quibus
2435 1776 2872 1851 opponuntur

492 1877 752 1941 mortui.
802 1875 909 1960 (cf.
960 1878 1157 1960 Verg.
1206 1880 1368 1943 Aen.
1421 1885 1474 1942 6.
1528 1882 1698 1957 128.)
1745 1880 1909 1944 Vell.
1961 1881 2016 1943 2.
2066 1881 2217 1960 48,2
2286 1897 2477 1957 quam
2526 1878 2706 1958 apud
2757 1896 2869 1943 Su-

491 1998 682 2063 peros
715 1985 1042 2049 habuerat
1074 1986 1608 2066 magnitudinem,
1666 1985 2007 2049 inlibatam
2065 1984 2412 2049 detulisset
2459 1985 2540 2049 ad
2587 1983 2865 2048 inferos,

726 2089 913 2173 Viqor
977 2092 1355 2172 saepissime
1412 2099 1771 2172 usurpatur
1834 2111 1872 2155 a
1933 2091 2144 2171 poetis
2193 2110 2309 2172 pro
2357 2094 2603 2157 robore.
2653 2093 2866 2172 Verg.

492 2197 659 2262 Aen.
725 2203 780 2261 6.
845 2203 988 2262 730.
1044 2197 1230 2261 Ovid.
1294 2198 1553 2262 Heroid.
1610 2200 1795 2279 16,51
1847 2198 2039 2279 vigor
2101 2197 2318 2262 animi.
2382 2199 2609 2262 Horat.
2685 2199 2863 2265 Vell.
2945 2242 2948 2243 ν

502 2307 556 2368 1.
610 2309 755 2385 10,3
803 2304 992 2384 vigor
1038 2304 1461 2384 eloquentiae.
1513 2308 1571 2368 2.
1629 2306 1769 2385 18,5
1821 2303 2009 2386 vigor
2053 2305 2303 2386 ingenii
2365 2311 2560 2384 atque
2631 2305 2863 2369 animi.

706 2410 1058 2477 Adiectiva
1105 2410 1362 2491 repperi
1414 2413 1604 2476 haec:

707 2515 932 2600 Ayilis,
992 2537 1118 2598 qua
1167 2536 1322 2583 voce
1348 2518 1625 2584 Ovidius
1674 2518 1762 2582 im
1786 2517 2011 2599 primis
2036 2536 2193 2583 usus
2244 2537 2387 2583 esse
2413 2516 2691 2602 videtur,
2746 2516 2862 2604 (cf.

498 2625 760 2689 Heroid.
826 2627 1034 2707 15,65.
1083 2627 1299 2690 Amor.
1352 2628 1409 2690 2.
1459 2628 1627 2707 4,27.
1676 2623 1981 2708 Saepius)
2030 2625 2328 2690 Velleius
2376 2624 2602 2691 eadem
2649 2627 2866 2710 signi-

494 2732 797 2797 ficatione
824 2752 950 2811 qua
983 2732 1299 2797 Horatius
1350 2733 1567 2811 posuit
1591 2751 1705 2812 pro
1753 2736 2049 2812 prompto
2100 2732 2179 2795 ad
2231 2729 2575 2816 agendum,
2626 2735 2862 2799 celere‘-

498 2837 606 2921 (cf.
654 2836 884 2902 Horat
932 2839 1052 2920 Ep.
1115 2844 1168 2903 1.
1232 2841 1378 2921 1,16
1427 2838 1735 2922 saepius.)
1784 2837 2114 2903 2.105.1
2172 2838 2273 2903 vir
2333 2839 2675 2920 multiplex
2722 2841 2865 2905 vir--

499 2944 772 3025 tutibuS,
822 2964 1087 3026 gnarus,
1138 2945 1348 3028 agiliS,
1397 2946 1707 3028 prudenS,
1755 2951 1874 3010 etc.

716 3047 954 3113 Celeber
993 3053 1317 3117 translate
1349 3059 1468 3132 est,
1519 3052 1630 3132 qui
1679 3053 1933 3134 colitur,
1983 3052 2311 3118 laudatur.
2358 3055 2587 3118 Horat.
2640 3055 2858 3119 Carm.

500 3162 555 3223 2.
594 3161 670 3220 1·2
680 3162 784 3240 ,20
823 3158 1040 3221 Diana
1072 3158 1362 3223 celebris.
1410 3158 1648 3222 Tibull.
1689 3162 1737 3221 1.
1793 3164 1936 3240 1,33
1987 3161 2239 3225 celeber
2286 3161 2576 3225 Messala
2623 3160 2860 3225 trium

499 3266 662 3347 phis.
711 3265 875 3331 Ven.
925 3267 960 3325 2
1017 3270 1182 3348 17,2.
1231 3268 1287 3330 2.
1344 3270 1504 3346 18,5.
1555 3267 1612 3329 2.
1665 3269 1874 3346 116,2.

716 3370 1126 3455 (loquemini-c,
1196 3373 1303 3452 qui
1373 3377 1476 3438 est
1552 3372 1838 3438 eiusdem
1906 3374 2184 3439 nominis
2254 3393 2398 3438 cum
2459 3373 2606 3438 alic.
2654 3377 2868 3456 Verg„

497 3483 658 3546 Aen.
721 3486 776 3548 6.
846 3485 969 3543 383
1051 3480 1293 3561 gaudet
1355 3480 1737 3562 cognomine
1803 3485 2001 3545 terra.
2062 3481 2275 3546 Plaut.
2336 3483 2567 3546 Bacch.
2643 3487 2690 3547 l.
2745 3487 2849 3567 1‚5

501 3587 666 3653 duae
725 3604 1077 3668 germanae
1139 3587 1512 3651 meretrices
1594 3588 2044 3668 cognomines.'
2087 3589 2252 3653 Vell.
2324 3594 2375 3653 1.
2436 3591 2534 3672 1,1
2601 3590 2857 3654 Teucer

376 3781 381 3788 ,
501 3689 947 3776 cognominem
993 3694 1248 3773 patriae
1296 3712 1454 3758 suae
1496 3694 1827 3760 Salamina
1875 3696 2231 3760 constituit.

719 3799 1124 3883 Conspicuus,
1157 3806 1385 3881 poetae
1417 3802 1587 3865 hanc
1634 3821 1856 3867 vocem
1904 3809 2153 3884 ponunt
2199 3822 2314 3883 pro
2360 3802 2623 3885 insigni,
2672 3804 2864 3867 illus·-

498 3908 604 3975 tri.
666 3909 891 3973 Horat.
942 3909 1148 3974 Carm.
1213 3913 1270 3972 3.
1346 3911 1533 3989 16,18
1584 3908 1716 3973 late
1774 3910 2189 3989 conspicuum
2246 3910 2480 3975 tollere
2537 3910 2848 3975 verticem

499 4016 736 4080 Tibull.
817 4022 873 4080 3.
941 4020 1064 4096 ΒΑ.
1127 4013 1312 4079 Ovid.
1384 4012 1642 4079 Heroid.
1720 4021 1779 4080 5.
1847 4020 1988 4079 139.
2061 4017 2224 4081 Vell.
2290 4023 2345 4081 2.
2413 4020 2555 4100 35,1
2637 4017 2864 4083 νίηιιε

493 4122 868 4203 conspicua.

713 4226 1045 4292 Exsomnis
1091 4234 1192 4293 est
1237 4229 1570 4312 insomniS,
1618 4229 1903 4311 vigilans
1950 4230 2145 4311 Verg.
2198 4232 2358 4295 Aen.
2409 4236 2601 4313 6‚556
2651 4230 2864 4297 vesti*

499 4336 723 4402 bulum
786 4336 1114 4401 exsomnis
1177 4340 1401 4401 servat
1468 4341 1820 4419 noctesque
1883 4337 2169 4417 diesque.
2239 4338 2402 4402 Vell.
2467 4345 2522 4403 2.
2577 4344 2728 4421 88,2
2778 4337 2860 4402 Ο..

496 4443 842 4509 Maecenas
889 4443 993 4508 vir
1039 4462 1196 4507 sane
1244 4444 1569 4509 exsomnis
1619 4450 1677 4509 2.
1733 4448 1851 4510 127
1859 4451 1925 4524 ,4
1971 4444 2185 4509 auimo
2237 4446 2577 4511 exsomnis.
