3096 5091
1271 499 1625 557 -27—

248 683 589 748 ‘meridiem
637 684 783 750 sita.
842 692 900 751 2.
939 692 1124 772 126,3
1190 688 1504 768 quidquid
1565 690 1922 756 meridiano
1987 695 2102 756 aut
2167 695 2614 774 septentrione

254 788 484 854 finitur
528 790 605 854 cf.
653 792 819 856 Plin.
874 799 928 857 7.
956 799 1105 875 2,17
1154 795 1223 858 in
1271 795 1651 861 meridianis
1696 796 1944 863 Indiae.

468 898 565 962 De
628 900 1190 966 substantivorum
1252 901 1424 981 apud
1493 902 1818 968 Velleium
1883 922 2006 969 usu
2081 906 2242 970 haec
2318 906 2615 973 addenda

236 1008 427 1091 sunt.
471 1006 674 1070 verba
722 1006 1010 1087 antiqua,
1061 1008 1296 1088 quibus
1323 1007 1613 1073 Velleius
1661 1027 1818 1075 usus
1866 1016 1983 1093 est,
2036 1016 2191 1076 sunt
2220 1012 2399 1078 haec.

466 1107 834 1174 Dominium
876 1131 993 1192 pro
1041 1113 1496 1196 dominatione,
1543 1114 1833 1195 imperio.
1897 1122 1955 1181 2.
1981 1121 2134 1199 80,4
2194 1136 2412 1183 rerum
2468 1137 2615 1184 sua-

245 1236 397 1281 rum
448 1215 693 1301 (Varro
731 1218 810 1284 R.
856 1220 934 1286 R.
994 1218 1148 1304 2,6.)

467 1322 761 1407 Reyimen
807 1331 866 1390 2.
894 1331 1045 1407 85,2
1095 1327 1329 1391 classis
1379 1326 1577 1412 (Eun.
1609 1327 1902 1411 Lucret.)

465 1432 818 1512 Antiquior
878 1431 1088 1498 forma
1149 1434 1742 1516 substantivorum,
1807 1453 1973 1515 quae
2034 1440 2275 1501 exeunt
2333 1438 2402 1502 in
2467 1436 2616 1501 tudo

246 1539 352 1604 vel
401 1544 497 1600 tas
543 1539 833 1619 syllabas
881 1545 982 1603 est
1027 1540 1098 1603 in
1143 1538 1310 1605 tado.
1358 1540 1533 1621 apud
1579 1541 1860 1620 optimos
1917 1543 2272 1622 scriptores
2335 1544 2612 1624 plerum-

244 1663 372 1724 que
420 1644 756 1710 invenitur
802 1644 1010 1710 forma
1054 1647 1122 1710 in
1156 1653 1278 1711 tas,
1326 1646 1619 1712 Velleius
1651 1648 1831 1712 illam
1864 1649 2202 1729 antiquam
2233 1650 2609 1729 praeferens

246 1751 407 1816 dicit
456 1753 777 1818 claritudo
841 1759 899 1818 2.
950 1758 1116 1835 11,3.
1166 1759 1225 1817 2.
1255 1758 1420 1834 17,2.
1472 1759 1530 1820 2.
1561 1758 1778 1837 130,l.
1847 1756 2263 1820 necessitudo
2336 1762 2393 1820 2.
2443 1762 2612 1841 50‚1.

245 1859 566 1924 celsitudo
618 1863 676 1924 2.
704 1864 872 1942 94,2.

463 1966 756 2032 Duorum
804 1967 1371 2032 substantivorum
1420 1984 1631 2048 genus
1680 1966 2011 2047 discrepat
2058 1968 2231 2049 apud
2285 1969 2610 2034 Velleium

234 2072 322 2136 ab
371 2073 619 2153 optima
665 2073 972 2153 loquendi
1020 2071 1508 2137 consuetudine:
1560 2072 1745 2136 linter
1788 2072 1929 2138 sere
1975 2073 2293 2139 feminimi
2351 2076 2610 2157 generis

244 2185 362 2264 est,
398 2181 744 2245 masculini
774 2179 1221 2245 tantummodo
1248 2178 1424 2260 apud
1446 2180 1682 2245 Tibull.
1719 2186 1778 2264 2,
1810 2185 1977 2263 5,34.
2011 2186 2078 2245 et
2108 2181 2259 2247 Vell
2311 2187 2369 2246 2.
2401 2187 2610 2265 107,2.

234 2282 369 2348 dies
386 2292 491 2362 est
522 2286 816 2352 seminini
841 2287 1100 2368 generis
1141 2289 1197 2350 2.
1227 2290 1393 2369 18,2.
1431 2293 1489 2352 2.
1516 2290 1685 2365 21,1,.
1712 2292 1770 2351 2.
1799 2292 1965 2369 27,3.
2000 2288 2065 2351 2.
2091 2291 2265 2370 42,3.
2299 2291 2356 2353 2.
2387 2290 2607 2371 103,4.

239 2410 434 2458 masc.
481 2413 624 2476 gen.
675 2397 928 2475 2.76,6.
978 2395 1036 2457 2.
1065 2396 1234 2474 29,2.
1272 2396 1327 2457 2.
1367 2398 1537 2475 35,1.
1588 2395 1887 2475 2.112,7.
1939 2391 2046 2477 (cf.
2093 2394 2345 2476 Reisig.
2415 2395 2608 2478 Ling.

244 2499 389 2566 Lat.
440 2500 524 2566 ed
568 2501 791 2567 Haase
837 2520 896 2582 p.
952 2505 1094 2566 148.
1142 2498 1360 2565 adnot.
1415 2500 1589 2583 168.)

457 2607 740 2673 Formae
787 2627 949 2689 quas
974 2608 1189 2672 rarius
1221 2608 1511 2688 reperies
1540 2607 1716 2687 apud
1740 2611 1993 2672 ceteros
2030 2608 2406 2692 scriptores,
2435 2615 2607 2675 sunt:

458 2715 656 2777 classi.
680 2716 828 2779 Abl.
860 2733 977 2794 pro
1011 2716 1233 2779 classe.
1270 2717 1326 2778 2.
1359 2716 1524 2796 79,2.
1562 2711 1799 2796 (classe
1832 2714 2095 2794 scripsit
2126 2714 2291 2780 Vell.
2326 2721 2384 2780 2.
2415 2717 2607 2797 79,1.)

458 2821 601 2904 ique
644 2823 793 2887 Abl.
825 2840 942 2903 pro
990 2821 1148 2903 igni.
1198 2827 1256 2885 2.
1295 2820 1507 2902 125,4.
1555 2821 1781 2885 melior
1805 2825 1874 2885 et
1898 2820 2205 2886 usitatior
2251 2826 2355 2887 est
2399 2822 2610 2887 forma

246 2925 396 3012 iqm‘,
450 2947 643 3008 quam
691 2946 947 3008 quoque
993 2928 1378 2994 invenimus.
1429 2934 1486 2992 2.
1518 2932 1686 3010 74,4.

461 3036 575 3098 ioci
598 3053 713 3114 pro
751 3036 886 3098 ioca
931 3042 991 3115 2,
1022 3039 1189 3118 67,4.
1215 3035 1333 3098 loci
1361 3054 1478 3115 pro
1525 3034 1658 3097 loca
1687 3040 1740 3099 1.
1767 3039 1893 3119 4,6.
1944 3042 2000 3100 2.
2032 3041 2245 3119 107,3.
2292 3042 2351 3101 2.
2385 3040 2602 3118 108,2.

247 3146 549 3225 2.116,1.

448 3246 649 3331 plebei
693 3247 909 3313 Genit.
959 3254 1017 3312 2.
1047 3252 1237 3330 111,3
1288 3246 1535 3311 tribuni
1583 3247 1812 3327 plebei.

462 3356 666 3419 cervix
710 3374 826 3435 pro
858 3354 1100 3436 plurali
1131 3371 1398 3418 numero
1446 3354 1717 3435 cervices,
1768 3372 1956 3435 quem
1998 3354 2225 3434 optimi
2256 3354 2609 3435 scriptores

236 3478 505 3542 ¹..semper
529 3465 1033 3542 usurpaverunt.
1060 3467 1117 3526 2.
1142 3465 1267 3543 4,5.
1318 3466 1376 3525 2.
1405 3465 1529 3544 6,6.
1580 3466 1637 3525 2.
1666 3466 1838 3541 69,2.
1887 3466 1945 3525 2.
1975 3465 2142 3543 7Ο,2.
2214 3460 2325 3545 (cf.
2378 3460 2606 3545 Quint.

253 3572 356 3651 8,3
407 3569 727 3634 cervicem
776 3569 1042 3633 videtur
1087 3567 1482 3633 Hortensius
1529 3567 1780 3647 primus
1837 3566 2098 3649 dixisse,
2149 3586 2300 3632 nam
2348 3573 2608 3635 veteres

252 3675 593 3754 pluraliter
638 3671 1106 3759 appellabant.)

463 3783 625 3847 haec
649 3783 1070 3848 substantiva
1092 3784 1429 3860 abstracta
1453 3780 1744 3847 Velleius
1791 3779 2042 3860 primus
2074 3781 2315 3860 plurali
2337 3801 2607 3848 numero

255 3888 502 3967 posuit:

465 3997 799 4080 mpleoeus.
879 4003 936 4061 2.
982 4002 1194 4080 123,2.
1271 3996 1580 4059 convictus
1627 4000 1683 4059 2.
1734 3997 1905 4077 33,4.
1968 3993 2296 4078 emptiones
2345 3998 2612 4076 2.81,3.

257 4096 737 4171 iurisdictiones
784 4110 842 4169 2.
879 4107 1091 4187 117,4.
1896 4108 1899 4111 ’
2295 4089 2302 4097 ’

466 4334 839 4419 Adiectiva,
911 4334 1144 4414 quibus
1214 4333 1511 4400 Velleius
1580 4331 1830 4415 primus
1904 4330 2165 4396 videtur
2234 4348 2392 4395 usus
2462 4348 2605 4396 esse

243 4442 509 4522 repperi
555 4442 748 4508 haec:
