3096 5091
1308 489 1667 550 ...55-

306 680 554 746 maiora
605 687 661 745 2.
691 686 816 764 6,2.
876 685 933 745 2.
979 682 1146 763 13,2.
1211 681 1270 745 2.
1296 685 1466 762 88,2.
1513 678 1863 744 malefacta
1887 685 1946 744 2.
1982 683 2150 762 13‚3.
2199 678 2364 743 mira
2411 684 2468 743 2.
2497 683 2677 762 61,1-

301 788 678 853 necessaria
710 793 763 853 1.
797 788 964 870 16,1..
992 792 1050 851 2.
1088 791 1300 867 110,3.
1323 804 1497 851 nova
1523 789 1581 851 2.
1613 791 1823 868 129,2.
1850 784 2113 851 offensa.
2144 788 2200 848 2.
2230 791 2398 869 29,3.
2426 786 2672 851 omissa

305 896 367 959 2.
396 898 566 976 68,4.
606 909 815 971 pauca
839 896 896 956 2.
932 896 1103 975 38,1.
1126 893 1491 973 perniciosa
1517 895 1575 958 2.
1607 897 1817 976 125,4.
1849 892 2129 973 plurima
2158 898 2212 957 2.
2246 897 2457 975 114,3.
2481 911 2678 972 prae-

301 1000 533 1081 cipit-ia
591 1004 648 1064 2.
678 1000 845 1079 10,1.
906 1003 965 1062 2.
997 1003 1205 1081 12Ο,7.
1261 999 1639 1080 praesentia
1685 1006 1745 1065 2.
1782 1004 1949 1082 75,1.
1998 999 2360 1080 praeterita
2409 1001 2467 1063 2.
2494 1004 2674 1080 92,5-

302 1125 512 1188 prava
582 1111 638 1171 2.
669 1109 793 1187 6,4.
854 1110 912 1170 2.
965 1109 1131 1187 10,1.
1181 1108 1472 1186 2.126,3.
1498 1105 1835 1186 proposita
1885 1111 1941 1171 2.
1967 1106 2138 1186 45‚1.
2165 1109 2347 1169 recta
2398 1111 2455 1170 2.
2490 1110 2671 1188 29,4.

302 1215 361 1277 2.
438 1214 648 1294 126,3.
695 1211 1058 1277 rectissima
1106 1215 1408 1295 2.125,5.
1483 1213 1752 1292 reliqua
1823 1217 1881 1277 2.
1914 1215 2127 1292 123,1.
2172 1210 2363 1275 rudia
2416 1217 2470 1276 1.
2499 1216 2677 1294 17,1,,

300 1319 550 1400 scripta
585 1321 642 1383 2.
677 1323 844 1402 66,5.
874 1318 1138 1401 singula
1162 1320 1220 1382 2.
1249 1324 1460 1401 129,1.
1488 1320 1699 1384 solita
1725 1325 1780 1385 2.
1814 1323 2022 1401 118,1.
2051 1319 2343 1399 speciosa
2369 1325 2425 1384 2.
2455 1323 2668 1400 113,2.

301 1443 554 1490 summa
581 1431 639 1489 2.
666 1427 792 1506 2,2.
819 1427 878 1489 2.
906 1427 1074 1506 60,2.
1104 1431 1160 1490 2.
1191 1427 1358 1507 61,1.
1386 1432 1443 1491 2.
1476 1432 1510 1491 7
1520 1429 1629 1504 6,4
1653 1444 2063 1505 supervacua
2093 1431 2145 1490 1.
2179 1426 2678 1507 16,1„ulterioraa

303 1535 363 1595 2.
394 1534 581 1613 105,1
613 1530 805 1596 utilia
831 1537 888 1597 2.
921 1535 1131 1613 113,2.
1157 1532 1427 1597 utiliora
1460 1538 1519 1598 2.
1554 1537 1724 1614 84,2.
1749 1551 1908 1599 vera
1942 1538 1999 1597 2.
2027 1538 2192 1614 72,3.
2218 1533 2365 1598 visa
2412 1535 2470 1597 2.
2497 1539 2670 1614 92,5.

519 1637 647 1704 Sed
692 1637 829 1703 iere
872 1655 1227 1719 numquam
1273 1639 1394 1704 hoc
1434 1640 1623 1704 modo
1656 1657 1895 1704 aureae
1923 1638 2281 1703 latinitatis
2313 1638 2671 1718 scriptores

309 1743 658 1827 participia
703 1744 912 1810 futuri
957 1746 1205 1825 passivi
1252 1745 1705 1810 adhibuerunt.
1757 1750 1829 1810 at
1874 1744 2164 1810 Velleius
2217 1750 2269 1809 1.
2323 1747 2471 1828 12,2
2532 1762 2672 1809 cre-

311 1849 527 1917 denda
594 1850 846 1916 afferre.
905 1854 962 1915 2.
991 1855 1182 1935 130,3
1262 1851 1538 1917 dolenda
1610 1851 1821 1917 adhuc
1864 1852 2227 1916 retulimus:
2275 1851 2676 1917 veniendum

306 1957 388 2022 ad
435 1958 877 2023 erubescenda
925 1964 1042 2023 est.
1090 1964 1148 2023 2.
1176 1963 1329 2042 56,4
1375 1959 1692 2023 audenda.

513 2082 691 2147 Raro
722 2082 790 2146 id
837 2099 1092 2163 quoque
1139 2075 1396 2166 accidit,
1445 2086 1521 2147 ut
1567 2083 1729 2147 haec
1776 2081 2101 2147 adiectiva
2142 2100 2252 2147 eos
2285 2099 2478 2146 casus
2510 2080 2679 2145 obli-

302 2205 464 2269 quos
510 2189 828 2270 habeant,
893 2189 1006 2269 qui
1051 2188 1300 2254 nullam
1344 2190 1593 2254 habent
1639 2188 1982 2254 masculini
2030 2189 2287 2271 generis
2333 2206 2374 2251 a
2434 2192 2678 2252 neutro

302 2295 806 2360 distinctionem.
858 2295 1153 2361 Velleius
1229 2294 1509 2376 saepius.
1597 2300 1649 2360 1.
1678 2301 1783 2378 9,6
1864 2294 2205 2360 altissimis
2290 2294 2670 2376 adhaerere,

307 2404 519 2484 2.73‚1
589 2400 902 2484 speciosis
972 2399 1295 2469 invidens.
1360 2404 1418 2466 2.
1453 2405 1625 2484 75,2.
1690 2404 1989 2486 2.]10,3.
2055 2403 2355 2485 2.113,2.
2404 2407 2463 2466 2.
2492 2405 2672 2484 79,1.

304 2515 361 2576 2.
389 2513 558 2592 56,4.
606 2516 727 2573 etc.

516 2616 682 2681 Abl.:
729 2615 800 2679 in
847 2615 1138 2681 externis
1183 2617 1443 2682 morari.
1497 2622 1556 2681 2.
1585 2621 1752 2698 68,4.
1791 2635 1874 2682 ex
1923 2617 2182 2683 omissis
2230 2617 2385 2697 alqd
2432 2622 2666 2697 petere

309 2729 367 2789 2.
394 2725 566 2807 83,2.
614 2729 673 2789 2.
700 2725 870 2804 92,5.
919 2724 976 2787 2.
1005 2727 1176 2805 53,2.
1224 2728 1347 2789 etc.

511 2847 572 2913 E
618 2865 893 2929 graecae
937 2848 1204 2931 linguae
1257 2847 1628 2913 imitatione
1704 2849 2067 2915 ducendum
2153 2850 2350 2914 etiam
2410 2848 2479 2912 id
2542 2854 2669 2931 est,

294 2951 468 3036 quod
492 2972 573 3020 ex
594 2952 824 3020 iisdem
846 2954 971 3038 adj.
991 2955 1132 3021 sive
1154 2973 1348 3021 masc.
1374 2956 1515 3024 sive
1540 2959 1753 3022 neutr.
1777 2974 1920 3038 gen.
1940 2955 2282 3038 genetivus
2312 2954 2672 3036 partitivus

296 3060 557 3145 pendet,
609 3059 676 3127 id
722 3062 894 3143 quod
941 3062 1116 3144 apud
1175 3059 1437 3144 priores
1485 3063 1703 3127 rarius
1761 3063 2073 3128 invenies,
2136 3062 2215 3127 cf.
2280 3066 2563 3145 2.110,2
2628 3080 2680 3127 a

296 3166 525 3248 primis
572 3168 853 3233 hostium
903 3173 959 3234 2.
986 3174 1136 3251 80,3
1187 3170 1271 3234 ab
1320 3169 1468 3234 aliis
1514 3169 1848 3235 veteribus
1903 3169 2340 3235 Romanorum
2404 3169 2678 3233 ducum.

304 3276 364 3339 2.
391 3278 539 3356 4o,1
607 3274 875 3339 dextera
939 3280 1137 3355 atque
1196 3275 1427 3341 intima
1487 3276 1686 3342 Ponti
1748 3275 2048 3341 incolere.
2113 3278 2170 3341 2.
2198 3281 2347 3361 52,3
2409 3280 2671 3340 tantum

296 3380 636 3461 profusum
702 3380 1054 3462 sanguinis
1105 3385 1383 3466 2.123,1
1462 3382 1811 3464 plurimum
1871 3387 2103 3448 metuS.
2164 3388 2220 3447 2.
2250 3387 2397 3464 62,3
2463 3381 2670 3461 pluri-

303 3505 480 3552 mum
525 3486 806 3552 honoriS.
857 3491 913 3552 2.
939 3493 1084 3570 63,1
1145 3508 1263 3569 per
1318 3507 1555 3557 aversa
1617 3493 1998 3555 castrorum.
2048 3496 2106 3555 2.
2135 3494 2283 3572 75,3
2333 3507 2449 3570 per
2512 3487 2672 3554 avia

277 3594 609 3659 ..itinerum
644 3600 701 3658 2.
732 3597 920 3677 107,1
958 3595 1041 3659 ad
1072 3595 1355 3660 medium
1386 3596 1674 3661 fluminis
1710 3598 2073 3678 procedere.
2100 3599 2159 3661 2.
2190 3599 2377 3660 1232
2409 3595 2676 3676 reliqua

293 3701 469 3766 belli.
528 3701 655 3766 huc
709 3700 1056 3767 referenda
1117 3703 1315 3768 etiam
1378 3710 1534 3769 sunt
1599 3708 1654 3769 1.
1684 3707 1787 3786 3‚2
1851 3704 1919 3769 id
1978 3702 2256 3769 nominis
2326 3720 2672 3783 usurpare.

295 3809 358 3871 2.
384 3811 494 3887 4,6
543 3807 608 3872 id
656 3807 986 3890 temporis,
1035 3816 1096 3874 2.
1125 3815 1274 3892 80,2
1323 3811 1406 3875 ad
1452 3811 1521 3876 id
1568 3810 1808 3877 furoris
1854 3812 2219 3892 procedere.

509 3913 909 3981 Graecorum
955 3934 1132 3981 more
1178 3917 1470 3983 Velleius
1517 3918 1842 3985 adiectiva
1887 3935 2004 3999 pro
2050 3916 2375 3984 adverbiis
2421 3916 2672 3998 posuit:

298 4023 358 4086 2.
387 4026 421 4085 7
430 4027 537 4104 Ο,3
587 4022 903 4088 cervicem
952 4022 1294 4088 interritus
1362 4024 1595 4089 liberto
1671 4025 1987 4105 praebuit.
2038 4027 2096 4090 2.
2135 4029 2258 4090 107
2266 4030 2327 4109 ‚3
2375 4027 2513 4089 tum
2548 4022 2667 4087 diu

295 4127 545 4194 tacitus
596 4129 1072 4210 contemplatus
1122 4129 1751 4213 Caesarem—inquit
1797 4136 1918 4197 etc.

511 4234 943 4301 Substantiva
1004 4235 1333 4301 adverbiis
1397 4236 1665 4303 definita
1738 4241 1937 4320 atque
2012 4236 2338 4319 descripta
2400 4241 2666 4318 repperi

291 4339 476 4406 haec:
529 4344 757 4424 1.1o‚1
809 4341 1183 4408 'Antiochus
1239 4348 1377 4409 tum
1454 4363 1575 4411 rex
1649 4343 1880 4427 Syriae
1945 4343 2029 4429 (z
2075 4336 2110 4406 ὖ
2136 4339 2288 4408 τότε
2334 4338 2677 4425 βασιλεύς)

154 4459 161 4466 ’
282 4451 356 4520 2.
382 4451 552 4514 46.4.
611 4447 677 4538 Q.
726 4447 993 4514 Cassius
1056 4453 1194 4514 tum
1258 4456 1566 4531 quaestor
1632 4449 1861 4533 Syriae.
1927 4453 1984 4516 2.
2019 4455 2167 4533 66,3
2232 4456 2673 4515 conservator
