3096 5091
521 1683 912 1790 Quicunque
953 1707 1020 1770 in
1069 1707 1278 1772 literis
1323 1706 1551 1775 latinis
1599 1715 1906 1777 versatus
1939 1712 2185 1780 liberae
2219 1715 2316 1780 rei
2362 1719 2671 1798 publicae
2745 1728 2763 1786 ’,

313 1812 664 1892 scriptores
698 1814 1102 1894 comparabit
1129 1832 1273 1878 cum
1305 1814 1407 1896 iis,
1443 1816 1554 1895 qui
1604 1817 1955 1883 Caesarum
2003 1822 2407 1900 temporibus
2457 1823 2659 1890 libros

311 1927 831 2000 composuerunt,
904 1939 1207 2000 magnum
1260 1920 1605 1987 discrimen
1651 1923 1826 1988 inter
1872 1943 1981 1988 eos
2026 1926 2344 1992 interesse
2390 1934 2456 1993 et
2505 1929 2653 1995 illos

307 2026 535 2117 multis
604 2028 798 2091 rebus
868 2027 968 2091 his
1039 2034 1374 2108 praestare
1445 2026 1638 2094 facile
1709 2035 2072 2111 cognoscet.
2137 2046 2329 2112 quam
2393 2036 2471 2099 ob
2520 2055 2654 2100 rem

308 2133 436 2197 viri
501 2133 672 2198 docti
734 2134 1217 2213 comparatione
1273 2141 1564 2200 aetatum
1624 2154 1768 2201 cum
1826 2138 2109 2203 metallis
2168 2139 2363 2220 tacta,
2415 2143 2664 2220 optimo

304 2239 449 2305 iure
503 2259 758 2320 semper
821 2259 1106 2322 auream,
1167 2259 1332 2320 quae
1396 2241 1659 2325 dicitur,
1728 2248 2019 2309 aetatem
2086 2245 2354 2326 linguae
2402 2248 2656 2313 latinae

304 2349 391 2410 ab
435 2354 746 2427 argentea
779 2352 1218 2413 secreverant.
1266 2352 1464 2428 atque
1510 2350 1897 2414 recentioris
1943 2353 2257 2432 temporis
2305 2355 2656 2435 scriptores

303 2454 632 2518 Romanos
663 2455 841 2535 ipsos
886 2473 1016 2518 non
1063 2454 1329 2536 fugisse,
1361 2456 1674 2538 linguam
1723 2475 1906 2521 suam
1955 2458 2241 2537 priorum
2294 2478 2439 2526 esse
2486 2468 2662 2540 post·

302 2564 690 2644 ponendam,
723 2564 917 2627 testis
965 2570 1067 2627 est
1099 2563 1367 2643 Seneca,
1402 2564 1512 2644 qui
1559 2564 1625 2628 in
1674 2564 1957 2645 epistula
2004 2568 2358 2631 centesima
2409 2568 2668 2634 decima

305 2679 541 2749 quarta
606 2670 844 2734 aetatis
902 2689 1060 2735 suae
1122 2669 1422 2734 vitiosam
1474 2677 1540 2735 et
1610 2677 1983 2752 corruptam
2031 2674 2339 2752 loquendi
2389 2694 2666 2742 consue·
2759 2740 2774 2758 ,

302 2777 596 2841 tudinem
654 2777 1008 2858 vituperat.
1080 2777 1208 2841 iam
1259 2778 1722 2857 quaerentibus
1770 2779 1977 2861 nobiS,
2028 2780 2264 2859 quibus
2312 2782 2524 2847 causis
2571 2784 2661 2848 sit

295 2884 581 2966 iactum,
647 2892 720 2949 ut
785 2884 1004 2949 studia
1068 2884 1407 2948 literarum
1464 2893 1663 2964 atque
1728 2885 1872 2964 ipsa
1934 2886 2157 2967 lingua
2215 2888 2654 2953 Romanorum

298 2990 615 3073 paulatim
680 2992 746 3056 in
807 2991 1095 3056 deterius
1141 2996 1573 3074 mutarentur,
1623 2992 1804 3055 nulla
1852 2992 2057 3056 maior
2104 2994 2408 3072 occurrit,
2460 3013 2652 3073 quam

299 3100 514 3180 ipsum
577 3100 925 3163 Caesarum
998 3098 1355 3178 imperium.
1430 3116 1581 3161 nam
1666 3116 1810 3161 cum
1893 3105 2091 3163 antea
2152 3118 2320 3164 unus
2378 3101 2661 3180 quisque

295 3212 510 3271 totum
572 3224 641 3270 se
701 3206 792 3290 rei
852 3204 1149 3284 publicae
1197 3203 1512 3285 dedisset,
1579 3222 1798 3268 omnes
1846 3223 2035 3269 curas
2085 3224 2437 3284 omnesque
2485 3206 2661 3287 cogi·

303 3315 590 3379 tationes
639 3314 723 3377 ad
770 3316 1047 3379 salutem
1098 3312 1238 3377 eius
1286 3312 1690 3395 contulisset,
1762 3310 2449 3390 administrandaeque
2497 3310 2657 3377 civi-

295 3422 459 3486 tatis
516 3429 767 3502 partem
825 3420 1132 3501 cepisset,
1186 3425 1323 3482 tum
1387 3438 1514 3483 uno
1562 3423 1894 3483 tractante
1941 3436 2077 3483 rem
2126 3416 2471 3500 publicam,
2520 3418 2654 3483 iam

292 3548 426 3593 non
482 3536 626 3594 erat
677 3530 859 3594 locus
920 3530 1086 3591 bene
1131 3526 1421 3590 merendi
1471 3525 1550 3590 de
1598 3525 1831 3606 patria.
1881 3529 2132 3589 remota
2176 3524 2387 3605 igitur
2431 3524 2654 3589 condi-

292 3636 498 3719 cione,
566 3655 691 3716 qua
735 3636 944 3701 Roma
1003 3635 1156 3698 urbs
1220 3634 1437 3697 orbem
1502 3644 1830 3696 terrarum
1892 3630 1963 3695 in
2019 3635 2411 3711 potestatem
2463 3649 2651 3696 suam

288 3744 660 3826 redegerat,
721 3742 977 3823 imperii
1024 3739 1299 3805 Romani
1363 3757 1517 3818 opes
1565 3737 1869 3818 viresque
1915 3736 1983 3801 in
2033 3736 2171 3801 dies
2216 3735 2442 3818 magis
2475 3737 2659 3802 fran-

287 3852 361 3933 gi
408 3868 676 3915 neccsse
724 3850 948 3930 tuisse,
1000 3848 1145 3928 quis
1194 3854 1294 3911 est
1343 3845 1497 3925 quin
1546 3842 1930 3925 intelligat?

506 3957 692 4023 Adde
734 3956 904 4036 quod
937 3955 1228 4035 plerique
1273 3953 1738 4033 imperatorum
1785 3950 2123 4016 civitatem
2171 3950 2493 4015 servitute
2539 3970 2655 4030 op-

286 4082 582 4145 pressam
621 4066 937 4129 tenebant
971 4069 1038 4126 et
1069 4062 1126 4126 si
1160 4078 1350 4142 quem
1396 4059 1602 4124 libere
1650 4057 2046 4138 cogitantem
2094 4062 2292 4135 atque
2338 4062 2643 4137 agentem

282 4171 603 4253 viderent,
637 4190 766 4235 non
813 4169 1204 4234 dubitabant
1249 4185 1396 4231 eum
1430 4166 1825 4231 interimere.
1875 4182 2040 4243 quae
2071 4181 2214 4227 cum
2261 4163 2357 4227 ita
2404 4169 2648 4244 essent,

282 4272 462 4345 fieri
509 4298 637 4343 non
709 4264 1011 4358 poterat,
1058 4276 1212 4355 quin
1258 4274 1558 4355 Romani,
1630 4271 1863 4338 remoti
1919 4289 1959 4335 a
2007 4267 2291 4351 negotiis
2339 4268 2639 4351 publicis,

283 4386 576 4453 desidiae
653 4385 1080 4464 luxuriaeque
1155 4402 1225 4449 se
1302 4382 1615 4447 dederent
1690 4386 1758 4445 et
1818 4398 1858 4444 a
1903 4379 2218 4444 maiorum
2275 4376 2648 4441 virtutibus

283 4496 742 4562 desciscerent.
