3096 5091
1278 508 1633 568 ..43-

486 689 606 756 Ex.
653 693 779 759 hae
829 693 994 760 duae
1040 696 1429 781 locutiones,
1478 717 1560 764 ex
1608 698 1864 764 diverso
1914 704 1970 763 2.
2002 700 2193 780 101,3
2221 756 2229 763 .
2258 701 2326 763 et
2387 716 2471 764 ex
2532 699 2631 764 in-

272 807 533 880 sperato
583 806 640 866 2.
670 803 861 881 112,6
910 803 1211 883 propriae
1258 811 1414 870 sunt
1481 810 1836 887 argenteae
1883 803 2236 870 latinitatis
2281 823 2492 885 neque
2546 807 2622 871 in

282 907 563 988 priorum
609 907 797 973 libris
845 915 1135 974 exstant.

485 1012 568 1077 In
626 1014 886 1079 finalem
963 1016 1099 1080 vim
1161 1017 1361 1082 habet
1421 1037 1571 1082 raro
1647 1018 1822 1098 apud
1898 1018 2174 1099 optimos
2252 1019 2626 1100 scriptores,

273 1120 534 1201 saepius
567 1121 717 1186 inde
748 1140 788 1184 a
814 1122 1023 1187 Livio.
1059 1129 1115 1187 2.
1141 1128 1293 1203 41,3
1326 1125 1391 1188 in
1417 1125 1555 1190 hoc.
1592 1131 1650 1190 2.
1674 1129 1830 1206 47,4
1862 1126 1932 1189 in
1985 1125 2054 1190 id
2079 1125 2308 1206 ipsum.
2344 1132 2404 1192 2.
2438 1127 2625 1208 114,2

283 1227 345 1292 in
391 1228 508 1291 hoc
554 1229 778 1292 solum.
828 1231 884 1293 2.
913 1234 1064 1310 68,4
1133 1231 1202 1293 in
1251 1230 1467 1295 omnia
1514 1230 1592 1296 cf.
1642 1232 1739 1297 uti
1787 1233 2042 1313 alqa-re
2072 1232 2139 1295 in
2173 1233 2343 1313 alqd.
2393 1236 2627 1318 2.41,2

273 1352 493 1398 ¹somno
541 1345 610 1398 et
655 1334 797 1399 cibo
844 1334 910 1399 in
960 1336 1167 1400 vitam
1218 1356 1346 1401 non
1394 1338 1462 1401 in
1522 1339 1948 1417 voluptatem.
1998 1344 2054 1402 2.
2096 1342 2277 1420 118,2
2341 1339 2629 1421 segnitia

276 1440 454 1509 ducis
500 1442 589 1505 inf
617 1442 1017 1507 occasionem
1067 1445 1349 1509 sceleris.
1400 1450 1456 1508 2.
1485 1447 1631 1531 97,1
1682 1445 1939 1509 venalis
1987 1445 2054 1510 in
2103 1446 2331 1510 omnia.

486 1550 551 1612 in
598 1538 1100 1629 praepositionis
1137 1569 1290 1615 usus
1340 1552 1649 1616 abhorret
1679 1553 1761 1616 ab
1797 1552 2045 1632 optima
2078 1551 2333 1617 dicendi
2365 1552 2622 1618 ratione

284 1655 379 1720 his
422 1657 610 1720 locis:
669 1659 849 1738 1.9,2
899 1658 967 1720 in
1036 1675 1110 1721 eo
1172 1659 1360 1723 bello,
1410 1660 1644 1742 2.24,2
1729 1659 1798 1723 in
1860 1658 2075 1739 priore
2136 1677 2324 1723 anno,
2395 1665 2451 1724 2.
2475 1644 2630 1741 44,4

269 1761 346 1826 in
392 1763 508 1826 hoc
541 1764 915 1829 consulatu.
965 1767 1022 1828 2.
1047 1769 1196 1847 48,1
1248 1764 1314 1828 in
1350 1765 1632 1829 secundo
1666 1767 2026 1829 consulatu.
2076 1769 2133 1828 2.
2169 1768 2356 1846 115,5
2405 1765 2473 1829 in
2506 1767 2627 1829 hoc

281 1873 456 1934 tanto
502 1871 690 1935 bello,
739 1877 796 1935 2.
828 1874 1007 1954 116,1
1066 1871 1134 1935 in
1180 1872 1351 1935 bello
1399 1871 1789 1938 Delmatico,
1838 1870 1963 1953 (ita
2008 1870 2199 1955 recc.)

486 1973 616 2038 Sub
655 1995 704 2041 c,
740 1977 863 2041 abl.
912 1977 993 2059 (-
1037 1977 1371 2057 wahrend,
1407 1976 1648 2060 gegen)
1684 1977 1762 2043 de
1794 1983 2086 2058 tempore
2128 1977 2384 2043 dicitur.
2419 1977 2627 2062 (Poet.

280 2081 416 2148 Liv.
464 2081 655 2168 recc.)
703 2084 870 2150 Vell.
920 2088 977 2148 2.
1006 2088 1150 2167 24,1
1205 2086 1327 2149 sub
1374 2084 1660 2150 adventu
1708 2085 1924 2151 Sullae.

485 2188 690 2275 Super
733 2211 783 2256 c.
830 2210 957 2257 acc.
1005 2191 1332 2274 significat
1391 2191 1545 2258 inde
1579 2211 1620 2257 a
1650 2192 1961 2258 Sallustio
1992 2191 2250 2257 modum
2281 2210 2631 2258 excessum.

281 2299 435 2364 Vell.
485 2302 759 2382 2.130,1
814 2318 1009 2380 super
1051 2301 1400 2365 humanam
1445 2298 1637 2364 fidem
1684 2299 1890 2364 evehi.

1197 2643 1477 2755 caput
1540 2636 1686 2733 VI.

1132 2835 1221 2902 De
1256 2835 1774 2904 pronominibus.

484 2980 583 3044 Ne
629 2978 700 3042 in
747 2979 1195 3059 pronominum
1238 2979 1497 3060 quidem
1532 2999 1654 3045 usu
1685 2980 1962 3044 multum
1995 2981 2301 3045 abhorret
2332 2978 2623 3043 Velleius

264 3104 320 3150 a
361 3086 651 3166 priorum
706 3085 1010 3165 loquendi
1073 3086 1541 3151 consuetudine
1609 3090 1677 3150 et
1737 3104 1943 3166 pauca
2002 3084 2446 3149 tantummodo
2509 3084 2631 3148 hoc

280 3193 418 3257 loco
465 3191 1021 3257 commemoranda
1066 3198 1235 3256 sunt.

491 3298 840 3365 Prmomen
872 3300 1281 3383 possessivum
1326 3298 1617 3364 Velleius
1649 3297 2028 3377 saepissime
2058 3298 2471 3363 substantivo
2515 3315 2632 3378 per

280 3407 746 3472 abundantiam
793 3407 1006 3486 addit,
1057 3411 1132 3471 ut
1175 3405 1307 3485 vis,
1358 3423 1525 3485 qnae
1572 3404 1746 3484 apud
1806 3404 2082 3483 optimos
2143 3403 2499 3483 scriptores
2560 3401 2630 3466 in

279 3531 352 3577 eo
398 3514 634 3596 inerat,
683 3532 888 3594 paene
920 3513 1193 3594 pei-ilsse
1223 3512 1542 3577 videatur.
1577 3510 1656 3576 cf.
1712 3517 1763 3575 1.
1794 3515 1937 3591 16,1
1989 3528 2236 3590 nequeo
2261 3515 2630 3590 temperare

279 3620 455 3703 mihi,
490 3621 646 3701 quin
680 3639 817 3686 rem
850 3638 1046 3700 saepe
1078 3620 1395 3699 agitatam
1427 3618 1644 3683 animo
1678 3636 1819 3683 meo
1845 3618 2095 3700 signem
2129 3618 2301 3682 stilo.
2349 3621 2407 3680 2.
2438 3621 2629 3698 12Ο,6

281 3727 521 3793 Caldus
572 3727 807 3793 Caelius
864 3728 1238 3807 complexus
1301 3733 1682 3792 catenarum
1744 3725 2014 3807 seriem,
2074 3724 2307 3804 quibus
2367 3723 2633 3789 vinctus

266 3840 443 3914 -erat,
502 3835 602 3899 ita
660 3834 810 3899 illas
870 3834 1062 3899 illisit
1106 3832 1326 3913 ‘capiti
1387 3850 1526 3914 SUO,
1594 3837 1669 3896 ut
1729 3837 1849 3896 etc.
1912 3829 1990 3895 cl.
2053 3833 2310 3912 2.22,1.
2377 3836 2433 3896 2.
2461 3834 2633 3912 29,4.

269 3945 535 4025 2.41‚4.
585 3948 640 4006 2.
667 3946 834 4006 432.
884 3946 1139 4021 2.82,3.
1189 3943 1441 4021 2.ss,3.
1492 3941 1793 4019 2.124‚4.
1840 3937 2119 4018 saepius.

490 4044 848 4114 Pronomen
892 4045 1434 4111 dememstrativum
1479 4045 1604 4128 hic,
1638 4046 1820 4127 haec,
1855 4045 1978 4110 hoc
2024 4045 2313 4110 Velleius
2369 4042 2629 4124 saepius

283 4172 471 4233 quam
518 4154 770 4236 priores
817 4162 884 4221 et
928 4155 1066 4220 fere
1121 4154 1347 4220 eodem
1408 4152 1595 4217 modo
1645 4171 1769 4231 quo
1816 4152 1903 4233 is,
1967 4170 2077 4234 ea,
2140 4152 2211 4216 id
2274 4150 2491 4231 posuit
2553 4148 2634 4215 cs.

287 4261 342 4325 2.
363 4266 514 4345 4l,3
561 4262 732 4327 idem
779 4269 1008 4342 postea
1047 4264 1142 4326 ita
1189 4279 1258 4326 se
1290 4279 1408 4341 per
1439 4278 1628 4324 omne
1659 4264 1962 4342 spatium,
2013 4278 2139 4340 quo
2172 4260 2254 4323 ab
2288 4258 2390 4322 his
2422 4261 2636 4322 reten-

218 4354 222 4359 ’
284 4369 389 4432 tus
435 4374 557 4451 est,
605 4368 781 4448 apud
827 4387 938 4434 eos
984 4368 1211 4449 gessit,
1260 4372 1337 4431 ut
1381 4366 1635 4447 pariter
1678 4366 1782 4430 his
1826 4366 2063 4430 terrori
2095 4363 2633 4443 venerationique

272 4479 474 4540 esset.
522 4481 579 4541 2.
609 4479 757 4557 62,2
806 4475 1061 4540 laudati
1108 4474 1474 4555 quicunque
1520 4490 1591 4537 se
1637 4470 1739 4536 his
1794 4472 2123 4536 exercitus
2186 4469 2638 4535 tradidissent.
