<?xml version="1.0" encoding="UTF-8"?>
<!DOCTYPE html PUBLIC "-//W3C//DTD XHTML 1.0 Transitional//EN"
    "http://www.w3.org/TR/xhtml1/DTD/xhtml1-transitional.dtd">
<html xmlns="http://www.w3.org/1999/xhtml" xml:lang="en" lang="en">
 <head>
  <title>
</title>
<meta http-equiv="Content-Type" content="text/html;charset=utf-8" />
  <meta name='ocr-system' content='tesseract 3.04.00' />
  <meta name='ocr-capabilities' content='ocr_page ocr_carea ocr_par ocr_line ocrx_word'/>
</head>
<body>
  <div class='ocr_page' id='page_1' title='image "./quaestionesgram02feligoog_0026.png"; bbox 0 0 3096 5091; ppageno 0'>
   <div class='ocr_carea' id='block_1_1' title="bbox 1452 438 1807 544">
    <p class='ocr_par' dir='ltr' id='par_1_1' title="bbox 1452 438 1807 544">
     <span class='ocr_line' id='line_1_1' title="bbox 1452 438 1807 544; baseline -0.006 -17"><span class='ocrx_word' id='word_1_1' title='bbox 1452 438 1807 544; x_wconf 50' lang='lat'>424.-</span> 
     </span>
    </p>
   </div>
   <div class='ocr_carea' id='block_1_2' title="bbox 435 673 2795 1288">
    <p class='ocr_par' dir='ltr' id='par_1_2' title="bbox 435 673 2795 1288">
     <span class='ocr_line' id='line_1_2' title="bbox 438 673 2794 756; baseline 0.001 -20"><span class='ocrx_word' id='word_1_2' title='bbox 438 677 496 738; x_wconf 88' lang='grc'><strong>2.</strong></span> <span class='ocrx_word' id='word_1_3' title='bbox 547 679 696 756; x_wconf 88' lang='grc'>94,4</span> <span class='ocrx_word' id='word_1_4' title='bbox 754 673 811 738; x_wconf 89' lang='grc'>81</span> <span class='ocrx_word' id='word_1_5' title='bbox 857 673 967 736; x_wconf 81' lang='lat' dir='ltr'>illa</span> <span class='ocrx_word' id='word_1_6' title='bbox 1011 674 1298 736; x_wconf 80' lang='lat' dir='ltr'>maiestas</span> <span class='ocrx_word' id='word_1_7' title='bbox 1341 675 1607 754; x_wconf 88' lang='lat' dir='ltr'>privata</span> <span class='ocrx_word' id='word_1_8' title='bbox 1651 692 1956 755; x_wconf 90' lang='lat' dir='ltr'>umquam</span> <span class='ocrx_word' id='word_1_9' title='bbox 2003 673 2222 739; x_wconf 75' lang='lat' dir='ltr'>suerit.</span> <span class='ocrx_word' id='word_1_10' title='bbox 2272 677 2330 738; x_wconf 90' lang='grc'><strong>2.</strong></span> <span class='ocrx_word' id='word_1_11' title='bbox 2397 678 2587 756; x_wconf 85' lang='grc'>129,3</span> <span class='ocrx_word' id='word_1_12' title='bbox 2637 693 2794 754; x_wconf 88' lang='lat' dir='ltr'>pace</span> 
     </span>
     <span class='ocr_line' id='line_1_3' title="bbox 437 780 2792 864; baseline 0.001 -22"><span class='ocrx_word' id='word_1_13' title='bbox 437 781 778 844; x_wconf 74' lang='lat' dir='ltr'>maiestatis</span> <span class='ocrx_word' id='word_1_14' title='bbox 840 781 980 845; x_wconf 92' lang='lat' dir='ltr'>eius</span> <span class='ocrx_word' id='word_1_15' title='bbox 1041 781 1334 845; x_wconf 82' lang='lat' dir='ltr'><strong>dixerim.</strong></span> <span class='ocrx_word' id='word_1_16' title='bbox 1396 784 1452 846; x_wconf 93' lang='grc'><strong>2.</strong></span> <span class='ocrx_word' id='word_1_17' title='bbox 1520 784 1667 864; x_wconf 88' lang='lat'>96,1</span> <span class='ocrx_word' id='word_1_18' title='bbox 1735 800 1905 846; x_wconf 91' lang='lat' dir='ltr'>mors</span> <span class='ocrx_word' id='word_1_19' title='bbox 1970 781 2202 846; x_wconf 91' lang='lat' dir='ltr'>deinde</span> <span class='ocrx_word' id='word_1_20' title='bbox 2263 781 2620 863; x_wconf 80' lang='lat' dir='ltr'><strong>Agrippae,</strong></span> <span class='ocrx_word' id='word_1_21' title='bbox 2684 780 2792 860; x_wconf 90' lang='lat' dir='ltr'>qui</span> 
     </span>
     <span class='ocr_line' id='line_1_4' title="bbox 436 887 2793 972; baseline -0 -20"><span class='ocrx_word' id='word_1_22' title='bbox 436 893 759 952; x_wconf 72' lang='lat' dir='ltr'>novitatem</span> <span class='ocrx_word' id='word_1_23' title='bbox 833 906 1015 953; x_wconf 90' lang='lat' dir='ltr'>suam</span> <span class='ocrx_word' id='word_1_24' title='bbox 1093 888 1314 952; x_wconf 90' lang='lat' dir='ltr'>multis</span> <span class='ocrx_word' id='word_1_25' title='bbox 1375 890 1572 954; x_wconf 90' lang='lat' dir='ltr'>rebus</span> <span class='ocrx_word' id='word_1_26' title='bbox 1633 889 2116 972; x_wconf 75' lang='lat' dir='ltr'>nobilitaverat,</span> <span class='ocrx_word' id='word_1_27' title='bbox 2182 887 2470 953; x_wconf 89' lang='lat' dir='ltr'>admovit</span> <span class='ocrx_word' id='word_1_28' title='bbox 2531 888 2793 968; x_wconf 91' lang='lat' dir='ltr'>propius</span> 
     </span>
     <span class='ocr_line' id='line_1_5' title="bbox 436 993 2795 1078; baseline -0.001 -19"><span class='ocrx_word' id='word_1_29' title='bbox 436 994 756 1060; x_wconf 83' lang='lat' dir='ltr'>Neronem</span> <span class='ocrx_word' id='word_1_30' title='bbox 838 995 1094 1060; x_wconf 79' lang='lat' dir='ltr'>Caesari.</span> <span class='ocrx_word' id='word_1_31' title='bbox 1152 997 1210 1059; x_wconf 92' lang='grc'><strong>2.</strong></span> <span class='ocrx_word' id='word_1_32' title='bbox 1278 997 1469 1078; x_wconf 87' lang='grc'>129,2</span> <span class='ocrx_word' id='word_1_33' title='bbox 1519 997 1753 1075; x_wconf 90' lang='lat' dir='ltr'>quibus</span> <span class='ocrx_word' id='word_1_34' title='bbox 1799 997 2107 1058; x_wconf 77' lang='lat' dir='ltr'>iuventam</span> <span class='ocrx_word' id='word_1_35' title='bbox 2153 995 2294 1059; x_wconf 92' lang='lat' dir='ltr'>eius</span> <span class='ocrx_word' id='word_1_36' title='bbox 2364 993 2795 1076; x_wconf 75' lang='lat' dir='ltr'>exaggeravit</span> 
     </span>
     <span class='ocr_line' id='line_1_6' title="bbox 435 1100 2794 1183; baseline -0.001 -17"><span class='ocrx_word' id='word_1_37' title='bbox 435 1100 814 1166; x_wconf 81' lang='lat' dir='ltr'>honoribus!</span> <span class='ocrx_word' id='word_1_38' title='bbox 887 1104 943 1165; x_wconf 92' lang='grc'><strong>2.</strong></span> <span class='ocrx_word' id='word_1_39' title='bbox 1019 1103 1209 1183; x_wconf 84' lang='grc'>102,1</span> <span class='ocrx_word' id='word_1_40' title='bbox 1283 1119 1473 1182; x_wconf 89' lang='lat' dir='ltr'>quem</span> <span class='ocrx_word' id='word_1_41' title='bbox 1541 1103 1750 1168; x_wconf 87' lang='lat' dir='ltr'>veluti</span> <span class='ocrx_word' id='word_1_42' title='bbox 1819 1102 2289 1167; x_wconf 79' lang='lat' dir='ltr'>moderatorem</span> <span class='ocrx_word' id='word_1_43' title='bbox 2354 1101 2630 1164; x_wconf 78' lang='lat' dir='ltr'>iuventae</span> <span class='ocrx_word' id='word_1_44' title='bbox 2674 1100 2794 1165; x_wconf 91' lang='lat' dir='ltr'>filii</span> 
     </span>
     <span class='ocr_line' id='line_1_7' title="bbox 443 1207 1495 1288; baseline 0.001 -17"><span class='ocrx_word' id='word_1_45' title='bbox 443 1207 547 1271; x_wconf 91' lang='lat' dir='ltr'>sui</span> <span class='ocrx_word' id='word_1_46' title='bbox 594 1209 935 1288; x_wconf 88' lang='lat' dir='ltr'>Augustus</span> <span class='ocrx_word' id='word_1_47' title='bbox 987 1224 1131 1271; x_wconf 90' lang='lat' dir='ltr'>esse</span> <span class='ocrx_word' id='word_1_48' title='bbox 1178 1208 1495 1273; x_wconf 90' lang='lat' dir='ltr'>voluerat.</span> 
     </span>
    </p>
   </div>
   <div class='ocr_carea' id='block_1_3' title="bbox 436 1331 2798 2267">
    <p class='ocr_par' dir='ltr' id='par_1_3' title="bbox 436 1331 2798 2267">
     <span class='ocr_line' id='line_1_8' title="bbox 655 1331 2794 1413; baseline -0.001 -16"><span class='ocrx_word' id='word_1_49' title='bbox 655 1331 909 1411; x_wconf 79' lang='lat' dir='ltr'>Saepius</span> <span class='ocrx_word' id='word_1_50' title='bbox 954 1349 1171 1395; x_wconf 89' lang='lat' dir='ltr'>rerum</span> <span class='ocrx_word' id='word_1_51' title='bbox 1240 1333 1597 1413; x_wconf 89' lang='lat' dir='ltr'>qualitates</span> <span class='ocrx_word' id='word_1_52' title='bbox 1656 1332 1881 1397; x_wconf 92' lang='lat' dir='ltr'>eodem</span> <span class='ocrx_word' id='word_1_53' title='bbox 1928 1332 2115 1396; x_wconf 90' lang='lat' dir='ltr'>modo</span> <span class='ocrx_word' id='word_1_54' title='bbox 2161 1350 2280 1412; x_wconf 91' lang='lat' dir='ltr'>per</span> <span class='ocrx_word' id='word_1_55' title='bbox 2327 1351 2396 1396; x_wconf 90' lang='lat' dir='ltr'>se</span> <span class='ocrx_word' id='word_1_56' title='bbox 2446 1336 2794 1411; x_wconf 86' lang='lat' dir='ltr'>ponuntur.</span> 
     </span>
     <span class='ocr_line' id='line_1_9' title="bbox 447 1438 2798 1521; baseline 0 -22"><span class='ocrx_word' id='word_1_57' title='bbox 447 1442 499 1503; x_wconf 89' lang='lat'>1.</span> <span class='ocrx_word' id='word_1_58' title='bbox 565 1443 669 1518; x_wconf 86' lang='lat'>9,6</span> <span class='ocrx_word' id='word_1_59' title='bbox 726 1438 916 1502; x_wconf 90' lang='lat' dir='ltr'>Pauli</span> <span class='ocrx_word' id='word_1_60' title='bbox 974 1438 1342 1519; x_wconf 89' lang='lat' dir='ltr'>triumphus</span> <span class='ocrx_word' id='word_1_61' title='bbox 1399 1441 1685 1504; x_wconf 89' lang='lat' dir='ltr'>omnium</span> <span class='ocrx_word' id='word_1_62' title='bbox 1733 1447 1886 1504; x_wconf 90' lang='lat' dir='ltr'>ante</span> <span class='ocrx_word' id='word_1_63' title='bbox 1934 1445 2225 1503; x_wconf 85' lang='lat' dir='ltr'>actorum</span> <span class='ocrx_word' id='word_1_64' title='bbox 2282 1438 2798 1521; x_wconf 71' lang='lat' dir='ltr'>comparationem</span> 
     </span>
     <span class='ocr_line' id='line_1_10' title="bbox 442 1544 2795 1629; baseline 0 -20"><span class='ocrx_word' id='word_1_65' title='bbox 442 1545 873 1624; x_wconf 90' lang='lat' dir='ltr'>amplitudine</span> <span class='ocrx_word' id='word_1_66' title='bbox 906 1544 1084 1609; x_wconf 89' lang='lat' dir='ltr'>vicit.</span> <span class='ocrx_word' id='word_1_67' title='bbox 1133 1552 1197 1608; x_wconf 76' lang='grc'><strong>2.</strong></span> <span class='ocrx_word' id='word_1_68' title='bbox 1247 1548 1395 1629; x_wconf 87' lang='grc'><strong>27,6</strong></span> <span class='ocrx_word' id='word_1_69' title='bbox 1443 1546 1802 1615; x_wconf 79' lang='lat' dir='ltr'>felicitatem</span> <span class='ocrx_word' id='word_1_70' title='bbox 1848 1545 1973 1609; x_wconf 82' lang='lat' dir='ltr'>diei</span> <span class='ocrx_word' id='word_1_71' title='bbox 2019 1545 2202 1611; x_wconf 85' lang='lat' dir='ltr'>Sulla</span> <span class='ocrx_word' id='word_1_72' title='bbox 2246 1550 2571 1626; x_wconf 85' lang='lat' dir='ltr'>perpetua</span> <span class='ocrx_word' id='word_1_73' title='bbox 2615 1545 2795 1609; x_wconf 93' lang='lat' dir='ltr'>ludo-</span> 
     </span>
     <span class='ocr_line' id='line_1_11' title="bbox 436 1650 2798 1734; baseline 0 -18"><span class='ocrx_word' id='word_1_74' title='bbox 436 1669 582 1716; x_wconf 85' lang='lat' dir='ltr'>rum</span> <span class='ocrx_word' id='word_1_75' title='bbox 616 1650 996 1718; x_wconf 79' lang='lat' dir='ltr'>circensium</span> <span class='ocrx_word' id='word_1_76' title='bbox 1028 1652 1374 1718; x_wconf 88' lang='lat' dir='ltr'>honoravit</span> <span class='ocrx_word' id='word_1_77' title='bbox 1419 1653 1746 1718; x_wconf 87' lang='lat' dir='ltr'>memoria.</span> <span class='ocrx_word' id='word_1_78' title='bbox 1796 1659 1853 1717; x_wconf 87' lang='grc'><strong>2.</strong></span> <span class='ocrx_word' id='word_1_79' title='bbox 1906 1657 2052 1734; x_wconf 88' lang='grc'>50,3</span> <span class='ocrx_word' id='word_1_80' title='bbox 2102 1653 2562 1730; x_wconf 77' lang='lat' dir='ltr'>fectinationem</span> <span class='ocrx_word' id='word_1_81' title='bbox 2607 1651 2798 1716; x_wconf 89' lang='lat' dir='ltr'>itine-</span> 
     </span>
     <span class='ocr_line' id='line_1_12' title="bbox 443 1757 2796 1841; baseline 0 -19"><span class='ocrx_word' id='word_1_82' title='bbox 443 1758 536 1822; x_wconf 85' lang='lat' dir='ltr'>ris</span> <span class='ocrx_word' id='word_1_83' title='bbox 573 1758 714 1822; x_wconf 92' lang='lat' dir='ltr'>eius</span> <span class='ocrx_word' id='word_1_84' title='bbox 748 1757 1148 1836; x_wconf 82' lang='lat' dir='ltr'>aliquamdiu</span> <span class='ocrx_word' id='word_1_85' title='bbox 1195 1765 1448 1823; x_wconf 88' lang='lat' dir='ltr'>morata</span> <span class='ocrx_word' id='word_1_86' title='bbox 1497 1771 1599 1825; x_wconf 88' lang='lat' dir='ltr'>est</span> <span class='ocrx_word' id='word_1_87' title='bbox 1644 1760 1956 1824; x_wconf 84' lang='lat' dir='ltr'>Massilia.</span> <span class='ocrx_word' id='word_1_88' title='bbox 2005 1762 2061 1824; x_wconf 90' lang='grc'><strong>2.</strong></span> <span class='ocrx_word' id='word_1_89' title='bbox 2113 1766 2146 1823; x_wconf 90' lang='lat'><strong>7</strong></span> <span class='ocrx_word' id='word_1_90' title='bbox 2157 1763 2258 1841; x_wconf 83' lang='grc'>2,1</span> <span class='ocrx_word' id='word_1_91' title='bbox 2309 1759 2617 1822; x_wconf 82' lang='lat' dir='ltr'>temeritas</span> <span class='ocrx_word' id='word_1_92' title='bbox 2665 1757 2796 1822; x_wconf 87' lang='lat' dir='ltr'>fac-</span> 
     </span>
     <span class='ocr_line' id='line_1_13' title="bbox 437 1864 2797 1946; baseline -0 -17"><span class='ocrx_word' id='word_1_93' title='bbox 437 1864 512 1930; x_wconf 91' lang='lat' dir='ltr'>ti.</span> <span class='ocrx_word' id='word_1_94' title='bbox 577 1868 628 1927; x_wconf 93' lang='grc'>1.</span> <span class='ocrx_word' id='word_1_95' title='bbox 684 1867 826 1945; x_wconf 85' lang='grc'>11,1</span> <span class='ocrx_word' id='word_1_96' title='bbox 877 1864 1472 1945; x_wconf 87' lang='lat' dir='ltr'>Pseudophilippus</span> <span class='ocrx_word' id='word_1_97' title='bbox 1521 1885 1561 1929; x_wconf 87' lang='lat' dir='ltr'>a</span> <span class='ocrx_word' id='word_1_98' title='bbox 1606 1864 1923 1929; x_wconf 79' lang='lat' dir='ltr'>mendacio</span> <span class='ocrx_word' id='word_1_99' title='bbox 1970 1867 2318 1931; x_wconf 87' lang='lat' dir='ltr'>simulatae</span> <span class='ocrx_word' id='word_1_100' title='bbox 2366 1865 2638 1946; x_wconf 90' lang='lat' dir='ltr'>originis</span> <span class='ocrx_word' id='word_1_101' title='bbox 2687 1883 2797 1945; x_wconf 90' lang='lat' dir='ltr'>ap-</span> 
     </span>
     <span class='ocr_line' id='line_1_14' title="bbox 439 1970 2798 2055; baseline -0.001 -19"><span class='ocrx_word' id='word_1_102' title='bbox 439 1972 740 2052; x_wconf 74' lang='lat' dir='ltr'>pellatus</span> <span class='ocrx_word' id='word_1_103' title='bbox 802 1970 909 2055; x_wconf 77' lang='lat' dir='ltr'>(ci.</span> <span class='ocrx_word' id='word_1_104' title='bbox 956 1973 1104 2037; x_wconf 87' lang='lat' dir='ltr'>Tac.</span> <span class='ocrx_word' id='word_1_105' title='bbox 1167 1972 1336 2036; x_wconf 89' lang='lat' dir='ltr'>Ann.</span> <span class='ocrx_word' id='word_1_106' title='bbox 1400 1974 1591 2053; x_wconf 82' lang='lat'>15,38</span> <span class='ocrx_word' id='word_1_107' title='bbox 1638 1972 1810 2054; x_wconf 89' lang='lat' dir='ltr'>ignis</span> <span class='ocrx_word' id='word_1_108' title='bbox 1856 1978 2055 2039; x_wconf 89' lang='lat' dir='ltr'>vento</span> <span class='ocrx_word' id='word_1_109' title='bbox 2103 1973 2275 2037; x_wconf 92' lang='lat' dir='ltr'>citus</span> <span class='ocrx_word' id='word_1_110' title='bbox 2320 1970 2798 2053; x_wconf 86' lang='lat' dir='ltr'>longitudinem</span> 
     </span>
     <span class='ocr_line' id='line_1_15' title="bbox 440 2076 2796 2159; baseline -0.001 -17"><span class='ocrx_word' id='word_1_111' title='bbox 440 2078 596 2142; x_wconf 86' lang='lat' dir='ltr'>circi</span> <span class='ocrx_word' id='word_1_112' title='bbox 667 2078 996 2159; x_wconf 91' lang='lat' dir='ltr'>corripuit.</span> <span class='ocrx_word' id='word_1_113' title='bbox 1059 2076 1200 2142; x_wconf 90' lang='lat' dir='ltr'>Liv.</span> <span class='ocrx_word' id='word_1_114' title='bbox 1260 2079 1453 2158; x_wconf 85' lang='grc'>28,12</span> <span class='ocrx_word' id='word_1_115' title='bbox 1512 2078 1697 2141; x_wconf 91' lang='lat' dir='ltr'>illum</span> <span class='ocrx_word' id='word_1_116' title='bbox 1760 2079 2043 2158; x_wconf 87' lang='lat' dir='ltr'>equitem</span> <span class='ocrx_word' id='word_1_117' title='bbox 2101 2097 2216 2142; x_wconf 87' lang='lat' dir='ltr'>sex</span> <span class='ocrx_word' id='word_1_118' title='bbox 2273 2077 2525 2142; x_wconf 89' lang='lat' dir='ltr'>dierum</span> <span class='ocrx_word' id='word_1_119' title='bbox 2582 2077 2796 2157; x_wconf 90' lang='lat' dir='ltr'>spatio</span> 
     </span>
     <span class='ocr_line' id='line_1_16' title="bbox 440 2183 1761 2267; baseline -0.001 -18"><span class='ocrx_word' id='word_1_120' title='bbox 440 2184 909 2249; x_wconf 83' lang='lat' dir='ltr'>transcurrisse</span> <span class='ocrx_word' id='word_1_121' title='bbox 951 2183 1427 2264; x_wconf 87' lang='lat' dir='ltr'>longitudinem</span> <span class='ocrx_word' id='word_1_122' title='bbox 1474 2183 1761 2267; x_wconf 86' lang='lat' dir='ltr'>Italiae.)</span> 
     </span>
    </p>
   </div>
   <div class='ocr_carea' id='block_1_4' title="bbox 1326 2377 1844 2494">
    <p class='ocr_par' dir='ltr' id='par_1_4' title="bbox 1326 2377 1844 2494">
     <span class='ocr_line' id='line_1_17' title="bbox 1326 2377 1844 2494; baseline 0.002 -24"><span class='ocrx_word' id='word_1_123' title='bbox 1326 2384 1329 2387; x_wconf 63' lang='lat'><strong><em>‘</em></strong></span> <span class='ocrx_word' id='word_1_124' title='bbox 1401 2384 1679 2494; x_wconf 83' lang='lat' dir='ltr'>caput</span> <span class='ocrx_word' id='word_1_125' title='bbox 1743 2377 1844 2472; x_wconf 92' lang='lat' dir='ltr'>II.</span> 
     </span>
    </p>
   </div>
   <div class='ocr_carea' id='block_1_5' title="bbox 443 2575 2800 2870">
    <p class='ocr_par' dir='ltr' id='par_1_5' title="bbox 443 2575 2800 2870">
     <span class='ocr_line' id='line_1_18' title="bbox 659 2575 2800 2661; baseline 0.003 -20"><span class='ocrx_word' id='word_1_126' title='bbox 659 2575 989 2641; x_wconf 87' lang='lat' dir='ltr'>Orationis</span> <span class='ocrx_word' id='word_1_127' title='bbox 1037 2596 1271 2659; x_wconf 90' lang='lat' dir='ltr'>genere</span> <span class='ocrx_word' id='word_1_128' title='bbox 1303 2577 1372 2640; x_wconf 91' lang='lat' dir='ltr'>in</span> <span class='ocrx_word' id='word_1_129' title='bbox 1420 2576 1794 2640; x_wconf 89' lang='lat' dir='ltr'>universum</span> <span class='ocrx_word' id='word_1_130' title='bbox 1836 2578 2175 2661; x_wconf 84' lang='lat' dir='ltr'>explicatO,</span> <span class='ocrx_word' id='word_1_131' title='bbox 2227 2578 2529 2659; x_wconf 87' lang='lat' dir='ltr'>deinceps</span> <span class='ocrx_word' id='word_1_132' title='bbox 2576 2582 2800 2647; x_wconf 90' lang='lat' dir='ltr'>viden-</span> 
     </span>
     <span class='ocr_line' id='line_1_19' title="bbox 443 2683 2303 2766; baseline 0 -17"><span class='ocrx_word' id='word_1_133' title='bbox 443 2685 594 2749; x_wconf 92' lang='lat' dir='ltr'>dum</span> <span class='ocrx_word' id='word_1_134' title='bbox 642 2688 759 2766; x_wconf 92' lang='lat' dir='ltr'>est,</span> <span class='ocrx_word' id='word_1_135' title='bbox 811 2683 1046 2763; x_wconf 89' lang='lat' dir='ltr'>quibus</span> <span class='ocrx_word' id='word_1_136' title='bbox 1092 2684 1310 2748; x_wconf 89' lang='lat' dir='ltr'>verbis</span> <span class='ocrx_word' id='word_1_137' title='bbox 1356 2684 1603 2763; x_wconf 90' lang='lat' dir='ltr'>primus</span> <span class='ocrx_word' id='word_1_138' title='bbox 1650 2684 1739 2749; x_wconf 89' lang='lat' dir='ltr'>sit</span> <span class='ocrx_word' id='word_1_139' title='bbox 1785 2703 1942 2749; x_wconf 90' lang='lat' dir='ltr'>usus</span> <span class='ocrx_word' id='word_1_140' title='bbox 1998 2685 2303 2751; x_wconf 79' lang='lat' dir='ltr'>Velleius</span> 
     </span>
     <span class='ocr_line' id='line_1_20' title="bbox 658 2790 1898 2870; baseline 0 -15"><span class='ocrx_word' id='word_1_141' title='bbox 658 2790 942 2870; x_wconf 89' lang='lat' dir='ltr'>Repperi</span> <span class='ocrx_word' id='word_1_142' title='bbox 991 2796 1207 2856; x_wconf 87' lang='lat' dir='ltr'>autem</span> <span class='ocrx_word' id='word_1_143' title='bbox 1255 2792 1414 2855; x_wconf 88' lang='lat' dir='ltr'>haec</span> <span class='ocrx_word' id='word_1_144' title='bbox 1460 2791 1898 2856; x_wconf 87' lang='lat' dir='ltr'>substantiva:</span> 
     </span>
    </p>
   </div>
   <div class='ocr_carea' id='block_1_6' title="bbox 441 2913 2806 3426">
    <p class='ocr_par' dir='ltr' id='par_1_6' title="bbox 441 2913 2806 3426">
     <span class='ocr_line' id='line_1_21' title="bbox 660 2913 2806 3002; baseline 0.004 -25"><span class='ocrx_word' id='word_1_145' title='bbox 660 2913 1121 2977; x_wconf 81' lang='lat' dir='ltr'>Consummatio</span> <span class='ocrx_word' id='word_1_146' title='bbox 1197 2935 1311 2996; x_wconf 90' lang='lat' dir='ltr'>pro</span> <span class='ocrx_word' id='word_1_147' title='bbox 1380 2916 1807 2998; x_wconf 75' lang='lat' dir='ltr'>perieotione,</span> <span class='ocrx_word' id='word_1_148' title='bbox 1858 2917 2263 2983; x_wconf 87' lang='lat' dir='ltr'>absolutione</span> <span class='ocrx_word' id='word_1_149' title='bbox 2321 2922 2377 2984; x_wconf 92' lang='grc'><strong>2.</strong></span> <span class='ocrx_word' id='word_1_150' title='bbox 2448 2923 2654 3002; x_wconf 87' lang='grc'>116,4</span> <span class='ocrx_word' id='word_1_151' title='bbox 2743 2921 2806 2985; x_wconf 91' lang='grc' dir='ltr'><strong>Α</strong></span> 
     </span>
     <span class='ocr_line' id='line_1_22' title="bbox 441 3020 2801 3092; baseline 0.001 -5"><span class='ocrx_word' id='word_1_152' title='bbox 441 3022 735 3087; x_wconf 88' lang='lat' dir='ltr'>Licinius</span> <span class='ocrx_word' id='word_1_153' title='bbox 789 3022 1006 3085; x_wconf 90' lang='lat' dir='ltr'>Nerva</span> <span class='ocrx_word' id='word_1_154' title='bbox 1052 3020 1336 3086; x_wconf 84' lang='lat' dir='ltr'>Silianus</span> <span class='ocrx_word' id='word_1_155' title='bbox 1383 3024 1930 3090; x_wconf 88' lang='lat' dir='ltr'>consummatione</span> <span class='ocrx_word' id='word_1_156' title='bbox 1990 3030 2253 3089; x_wconf 86' lang='lat' dir='ltr'>evectae</span> <span class='ocrx_word' id='word_1_157' title='bbox 2297 3026 2366 3089; x_wconf 89' lang='lat' dir='ltr'>in</span> <span class='ocrx_word' id='word_1_158' title='bbox 2412 3026 2801 3092; x_wconf 89' lang='lat' dir='ltr'>altissimum</span> 
     </span>
     <span class='ocr_line' id='line_1_23' title="bbox 443 3128 2802 3216; baseline 0.001 -21"><span class='ocrx_word' id='word_1_159' title='bbox 443 3135 918 3212; x_wconf 89' lang='lat' dir='ltr'>paternumque</span> <span class='ocrx_word' id='word_1_160' title='bbox 985 3128 1321 3211; x_wconf 66' lang='lat' dir='ltr'>fastigium</span> <span class='ocrx_word' id='word_1_161' title='bbox 1400 3128 1704 3212; x_wconf 89' lang='lat' dir='ltr'>imaginis</span> <span class='ocrx_word' id='word_1_162' title='bbox 1751 3129 2041 3196; x_wconf 84' lang='lat' dir='ltr'>defectus</span> <span class='ocrx_word' id='word_1_163' title='bbox 2088 3137 2205 3197; x_wconf 92' lang='lat' dir='ltr'>est.</span> <span class='ocrx_word' id='word_1_164' title='bbox 2253 3132 2474 3197; x_wconf 89' lang='lat' dir='ltr'>eadem</span> <span class='ocrx_word' id='word_1_165' title='bbox 2548 3132 2802 3216; x_wconf 86' lang='lat' dir='ltr'>signifi-</span> 
     </span>
     <span class='ocr_line' id='line_1_24' title="bbox 444 3235 2796 3321; baseline 0 -19"><span class='ocrx_word' id='word_1_166' title='bbox 444 3238 698 3302; x_wconf 90' lang='lat' dir='ltr'>catione</span> <span class='ocrx_word' id='word_1_167' title='bbox 754 3241 970 3300; x_wconf 84' lang='lat' dir='ltr'>exstat</span> <span class='ocrx_word' id='word_1_168' title='bbox 1016 3236 1285 3301; x_wconf 90' lang='lat' dir='ltr'>verbum</span> <span class='ocrx_word' id='word_1_169' title='bbox 1350 3235 1523 3315; x_wconf 91' lang='lat' dir='ltr'>apud</span> <span class='ocrx_word' id='word_1_170' title='bbox 1571 3236 1788 3302; x_wconf 82' lang='grc'>881180.</span> <span class='ocrx_word' id='word_1_171' title='bbox 1835 3237 2085 3304; x_wconf 89' lang='lat' dir='ltr'>Brevit.</span> <span class='ocrx_word' id='word_1_172' title='bbox 2132 3239 2327 3304; x_wconf 90' lang='lat' dir='ltr'>vitae.</span> <span class='ocrx_word' id='word_1_173' title='bbox 2382 3242 2441 3304; x_wconf 93' lang='grc'>1.</span> <span class='ocrx_word' id='word_1_174' title='bbox 2488 3239 2707 3321; x_wconf 78' lang='lat' dir='ltr'>Quint.</span> <span class='ocrx_word' id='word_1_175' title='bbox 2759 3243 2796 3302; x_wconf 93' lang='grc'><strong>2</strong></span> 
     </span>
     <span class='ocr_line' id='line_1_25' title="bbox 451 3322 2073 3426; baseline 0.003 -22"><span class='ocrx_word' id='word_1_176' title='bbox 451 3346 615 3426; x_wconf 84' lang='grc'>18,2.</span> <span class='ocrx_word' id='word_1_177' title='bbox 666 3342 906 3408; x_wconf 85' lang='lat' dir='ltr'>Colum.</span> <span class='ocrx_word' id='word_1_178' title='bbox 953 3342 1140 3406; x_wconf 90' lang='lat' dir='ltr'>Plim.</span> <span class='ocrx_word' id='word_1_179' title='bbox 1189 3344 1425 3408; x_wconf 89' lang='lat' dir='ltr'>ambos.</span> <span class='ocrx_word' id='word_1_180' title='bbox 2066 3322 2073 3332; x_wconf 36' lang='lat'>¹</span> 
     </span>
    </p>
   </div>
   <div class='ocr_carea' id='block_1_7' title="bbox 662 3465 2796 3555">
    <p class='ocr_par' dir='ltr' id='par_1_7' title="bbox 662 3465 2796 3555">
     <span class='ocr_line' id='line_1_26' title="bbox 662 3465 2796 3555; baseline 0.004 -26"><span class='ocrx_word' id='word_1_181' title='bbox 662 3465 1055 3529; x_wconf 63' lang='lat' dir='ltr'>(lonver-satio</span> <span class='ocrx_word' id='word_1_182' title='bbox 1087 3472 1189 3532; x_wconf 90' lang='lat' dir='ltr'>est</span> <span class='ocrx_word' id='word_1_183' title='bbox 1220 3469 1633 3551; x_wconf 90' lang='lat' dir='ltr'>consuetudo,</span> <span class='ocrx_word' id='word_1_184' title='bbox 1667 3468 2098 3553; x_wconf 83' lang='lat' dir='ltr'>familiaritaS‚</span> <span class='ocrx_word' id='word_1_185' title='bbox 2134 3472 2488 3536; x_wconf 75' lang='lat' dir='ltr'>convictus,</span> <span class='ocrx_word' id='word_1_186' title='bbox 2515 3475 2573 3536; x_wconf 92' lang='grc'>2.</span> <span class='ocrx_word' id='word_1_187' title='bbox 2606 3475 2796 3555; x_wconf 88' lang='grc'>102,3</span> 
     </span>
    </p>
   </div>
   <div class='ocr_carea' id='block_1_8' title="bbox 442 3573 2798 3766">
    <p class='ocr_par' dir='ltr' id='par_1_8' title="bbox 442 3573 2798 3766">
     <span class='ocr_line' id='line_1_27' title="bbox 442 3573 2798 3644; baseline 0.002 -6"><span class='ocrx_word' id='word_1_188' title='bbox 442 3593 563 3638; x_wconf 84' lang='grc'>1180</span> <span class='ocrx_word' id='word_1_189' title='bbox 602 3573 810 3638; x_wconf 84' lang='lat' dir='ltr'>defuit</span> <span class='ocrx_word' id='word_1_190' title='bbox 842 3575 1252 3641; x_wconf 87' lang='lat' dir='ltr'>conversatio</span> <span class='ocrx_word' id='word_1_191' title='bbox 1280 3576 1610 3639; x_wconf 89' lang='lat' dir='ltr'>hominum</span> <span class='ocrx_word' id='word_1_192' title='bbox 1640 3576 1807 3641; x_wconf 91' lang='lat' dir='ltr'>vitia</span> <span class='ocrx_word' id='word_1_193' title='bbox 1836 3576 1976 3641; x_wconf 90' lang='lat' dir='ltr'>eius</span> <span class='ocrx_word' id='word_1_194' title='bbox 2008 3578 2448 3643; x_wconf 90' lang='lat' dir='ltr'>assentatione</span> <span class='ocrx_word' id='word_1_195' title='bbox 2485 3580 2798 3644; x_wconf 90' lang='lat' dir='ltr'>alentium</span> 
     </span>
     <span class='ocr_line' id='line_1_28' title="bbox 445 3678 1184 3766; baseline 0.001 -21"><span class='ocrx_word' id='word_1_196' title='bbox 445 3678 693 3765; x_wconf 76' lang='grc'>(881188.</span> <span class='ocrx_word' id='word_1_197' title='bbox 741 3681 886 3745; x_wconf 83' lang='lat' dir='ltr'>Tac.</span> <span class='ocrx_word' id='word_1_198' title='bbox 936 3681 1184 3766; x_wconf 77' lang='lat' dir='ltr'>Quint.)</span> 
     </span>
    </p>
   </div>
   <div class='ocr_carea' id='block_1_9' title="bbox 446 3801 2797 4534">
    <p class='ocr_par' dir='ltr' id='par_1_9' title="bbox 446 3801 2797 4109">
     <span class='ocr_line' id='line_1_29' title="bbox 660 3801 2797 3892; baseline 0.003 -25"><span class='ocrx_word' id='word_1_199' title='bbox 660 3801 1036 3882; x_wconf 77' lang='lat' dir='ltr'>ExsultatiO,</span> <span class='ocrx_word' id='word_1_200' title='bbox 1104 3810 1288 3871; x_wconf 87' lang='lat' dir='ltr'>actus</span> <span class='ocrx_word' id='word_1_201' title='bbox 1335 3806 1705 3871; x_wconf 84' lang='lat' dir='ltr'>exsultandi</span> <span class='ocrx_word' id='word_1_202' title='bbox 1783 3812 1839 3870; x_wconf 86' lang='grc'><strong>2.</strong></span> <span class='ocrx_word' id='word_1_203' title='bbox 1917 3810 2112 3892; x_wconf 87' lang='grc'>104,4</span> <span class='ocrx_word' id='word_1_204' title='bbox 2181 3815 2251 3875; x_wconf 88' lang='lat' dir='ltr'>at</span> <span class='ocrx_word' id='word_1_205' title='bbox 2305 3830 2459 3876; x_wconf 89' lang='lat' dir='ltr'>vero</span> <span class='ocrx_word' id='word_1_206' title='bbox 2516 3812 2797 3876; x_wconf 90' lang='lat' dir='ltr'>militum</span> 
     </span>
     <span class='ocr_line' id='line_1_30' title="bbox 446 3912 2797 3999; baseline 0.003 -24"><span class='ocrx_word' id='word_1_207' title='bbox 446 3917 796 3992; x_wconf 88' lang='lat' dir='ltr'>conspectu</span> <span class='ocrx_word' id='word_1_208' title='bbox 843 3913 982 3977; x_wconf 91' lang='lat' dir='ltr'>eius</span> <span class='ocrx_word' id='word_1_209' title='bbox 1027 3912 1282 3977; x_wconf 86' lang='lat' dir='ltr'>elicitae</span> <span class='ocrx_word' id='word_1_210' title='bbox 1312 3912 1551 3995; x_wconf 86' lang='lat' dir='ltr'>gaudio</span> <span class='ocrx_word' id='word_1_211' title='bbox 1597 3913 1919 3997; x_wconf 87' lang='lat' dir='ltr'>lacrimae,</span> <span class='ocrx_word' id='word_1_212' title='bbox 1964 3916 2396 3999; x_wconf 88' lang='lat' dir='ltr'>alacritasque</span> <span class='ocrx_word' id='word_1_213' title='bbox 2443 3923 2510 3984; x_wconf 92' lang='lat' dir='ltr'>et</span> <span class='ocrx_word' id='word_1_214' title='bbox 2557 3919 2797 3984; x_wconf 88' lang='lat' dir='ltr'>saluta-</span> 
     </span>
     <span class='ocr_line' id='line_1_31' title="bbox 446 4019 2793 4109; baseline 0.002 -26"><span class='ocrx_word' id='word_1_215' title='bbox 446 4020 644 4084; x_wconf 90' lang='lat' dir='ltr'>tionis</span> <span class='ocrx_word' id='word_1_216' title='bbox 676 4039 847 4085; x_wconf 91' lang='lat' dir='ltr'>nova</span> <span class='ocrx_word' id='word_1_217' title='bbox 878 4019 1194 4101; x_wconf 90' lang='lat' dir='ltr'>quaedam</span> <span class='ocrx_word' id='word_1_218' title='bbox 1228 4020 1576 4084; x_wconf 83' lang='lat' dir='ltr'>exsultatio</span> <span class='ocrx_word' id='word_1_219' title='bbox 1602 4019 1707 4104; x_wconf 85' lang='lat' dir='ltr'>(cf.</span> <span class='ocrx_word' id='word_1_220' title='bbox 1738 4021 1905 4085; x_wconf 92' lang='lat' dir='ltr'>Plin.</span> <span class='ocrx_word' id='word_1_221' title='bbox 1934 4029 1992 4087; x_wconf 86' lang='grc'>8.</span> <span class='ocrx_word' id='word_1_222' title='bbox 2025 4027 2203 4105; x_wconf 85' lang='grc'>80,1.</span> <span class='ocrx_word' id='word_1_223' title='bbox 2237 4023 2455 4107; x_wconf 77' lang='lat' dir='ltr'>Quint.</span> <span class='ocrx_word' id='word_1_224' title='bbox 2492 4032 2548 4092; x_wconf 88' lang='grc'>2.</span> <span class='ocrx_word' id='word_1_225' title='bbox 2577 4022 2793 4109; x_wconf 83' lang='grc'>2,12.).</span> 
     </span>
    </p>

    <p class='ocr_par' dir='ltr' id='par_1_10' title="bbox 446 4125 2796 4426">
     <span class='ocr_line' id='line_1_32' title="bbox 669 4125 2796 4215; baseline 0.002 -24"><span class='ocrx_word' id='word_1_226' title='bbox 669 4125 994 4191; x_wconf 84' lang='lat' dir='ltr'>Ordinatio</span> <span class='ocrx_word' id='word_1_227' title='bbox 1055 4145 1170 4207; x_wconf 91' lang='lat' dir='ltr'>pro</span> <span class='ocrx_word' id='word_1_228' title='bbox 1228 4126 1682 4210; x_wconf 85' lang='lat' dir='ltr'>dispositione,</span> <span class='ocrx_word' id='word_1_229' title='bbox 1746 4128 2219 4196; x_wconf 86' lang='lat' dir='ltr'>distributione.</span> <span class='ocrx_word' id='word_1_230' title='bbox 2271 4134 2327 4195; x_wconf 93' lang='grc'>2.</span> <span class='ocrx_word' id='word_1_231' title='bbox 2392 4135 2590 4215; x_wconf 83' lang='grc'>124,3</span> <span class='ocrx_word' id='word_1_232' title='bbox 2647 4134 2796 4213; x_wconf 86' lang='lat' dir='ltr'>post</span> 
     </span>
     <span class='ocr_line' id='line_1_33' title="bbox 446 4232 2793 4317; baseline 0.002 -19"><span class='ocrx_word' id='word_1_233' title='bbox 446 4234 728 4299; x_wconf 88' lang='lat' dir='ltr'>reditum</span> <span class='ocrx_word' id='word_1_234' title='bbox 786 4235 961 4299; x_wconf 91' lang='lat' dir='ltr'>caelo</span> <span class='ocrx_word' id='word_1_235' title='bbox 1008 4237 1259 4313; x_wconf 87' lang='lat' dir='ltr'>patrem</span> <span class='ocrx_word' id='word_1_236' title='bbox 1304 4232 1584 4312; x_wconf 92' lang='lat' dir='ltr'>primum</span> <span class='ocrx_word' id='word_1_237' title='bbox 1639 4233 2095 4314; x_wconf 88' lang='lat' dir='ltr'>principalium</span> <span class='ocrx_word' id='word_1_238' title='bbox 2148 4238 2287 4302; x_wconf 92' lang='lat' dir='ltr'>eius</span> <span class='ocrx_word' id='word_1_239' title='bbox 2355 4256 2620 4317; x_wconf 91' lang='lat' dir='ltr'>operum</span> <span class='ocrx_word' id='word_1_240' title='bbox 2665 4237 2793 4303; x_wconf 85' lang='lat' dir='ltr'>fuit</span> 
     </span>
     <span class='ocr_line' id='line_1_34' title="bbox 452 4339 2791 4426; baseline 0 -21"><span class='ocrx_word' id='word_1_241' title='bbox 452 4341 796 4406; x_wconf 83' lang='lat' dir='ltr'>ordiniatio</span> <span class='ocrx_word' id='word_1_242' title='bbox 830 4340 1234 4405; x_wconf 89' lang='lat' dir='ltr'>comitiorum</span> <span class='ocrx_word' id='word_1_243' title='bbox 1266 4339 1461 4413; x_wconf 86' lang='lat' dir='ltr'>(Plin.</span> <span class='ocrx_word' id='word_1_244' title='bbox 1496 4359 1574 4419; x_wconf 93' lang='lat' dir='ltr'>ep</span> <span class='ocrx_word' id='word_1_245' title='bbox 1610 4345 1668 4405; x_wconf 87' lang='lat'>9.</span> <span class='ocrx_word' id='word_1_246' title='bbox 1693 4343 1795 4406; x_wconf 83' lang='lat'>28.</span> <span class='ocrx_word' id='word_1_247' title='bbox 1842 4342 2016 4408; x_wconf 87' lang='lat' dir='ltr'>Suet.</span> <span class='ocrx_word' id='word_1_248' title='bbox 2048 4342 2219 4425; x_wconf 88' lang='lat' dir='ltr'>Aug.</span> <span class='ocrx_word' id='word_1_249' title='bbox 2269 4346 2369 4408; x_wconf 86' lang='lat'>31.</span> <span class='ocrx_word' id='word_1_250' title='bbox 2402 4346 2591 4410; x_wconf 91' lang='lat' dir='ltr'>Nero.</span> <span class='ocrx_word' id='word_1_251' title='bbox 2640 4344 2791 4426; x_wconf 90' lang='lat'><strong>40.).</strong></span> 
     </span>
    </p>

    <p class='ocr_par' dir='ltr' id='par_1_11' title="bbox 666 4444 2793 4534">
     <span class='ocr_line' id='line_1_35' title="bbox 666 4444 2793 4534; baseline 0.002 -25"><span class='ocrx_word' id='word_1_252' title='bbox 666 4445 952 4512; x_wconf 70' lang='lat' dir='ltr'>Pati-atio</span> <span class='ocrx_word' id='word_1_253' title='bbox 1006 4452 1109 4512; x_wconf 88' lang='lat' dir='ltr'>est</span> <span class='ocrx_word' id='word_1_254' title='bbox 1139 4445 1418 4529; x_wconf 87' lang='lat' dir='ltr'>effectio,</span> <span class='ocrx_word' id='word_1_255' title='bbox 1462 4444 1772 4526; x_wconf 86' lang='lat' dir='ltr'>perfectio</span> <span class='ocrx_word' id='word_1_256' title='bbox 1806 4448 1963 4531; x_wconf 87' lang='lat' dir='ltr'>alcjs</span> <span class='ocrx_word' id='word_1_257' title='bbox 1980 4449 2094 4514; x_wconf 91' lang='lat' dir='ltr'>rei.</span> <span class='ocrx_word' id='word_1_258' title='bbox 2122 4452 2180 4514; x_wconf 91' lang='grc'><strong>2.</strong></span> <span class='ocrx_word' id='word_1_259' title='bbox 2217 4456 2300 4515; x_wconf 85' lang='grc'>98</span> <span class='ocrx_word' id='word_1_260' title='bbox 2314 4454 2373 4534; x_wconf 86' lang='grc'>,2</span> <span class='ocrx_word' id='word_1_261' title='bbox 2397 4451 2554 4516; x_wconf 90' lang='lat' dir='ltr'>belli</span> <span class='ocrx_word' id='word_1_262' title='bbox 2577 4456 2793 4532; x_wconf 88' lang='lat' dir='ltr'>patra-</span> 
     </span>
    </p>
   </div>
  </div>
 </body>
</html>
