3096 5091
1447 493 1801 554 ...44-

442 687 523 753 ci.
595 693 652 752 2.
677 691 850 768 41,3.
933 692 991 751 2.
1023 688 1193 769 90,2.
1260 685 1343 749 al.
1411 685 1520 749 hic
1567 718 1653 732 —
1702 685 1815 764 qui
1869 702 1988 765 pro
2050 684 2110 748 is
2157 719 2240 730 ·-
2292 682 2404 763 qui
2464 681 2859 747 invenitur

448 800 655 866 ].2,2.
713 797 916 879 1.8,3.
967 797 1023 856 2.
1052 798 1221 875 50,3.
1271 798 1329 856 2.
1359 795 1530 874 64,1.
1580 797 1638 857 2.
1664 796 1836 872 80,2.
1884 797 1943 855 2.
1970 795 2140 873 87,2.
2186 789 2437 868 (nescio
2484 805 2622 869 quo
2674 786 2854 853 iure

442 901 746 966 Halmius
806 899 1104 964 omnibus
1162 898 1267 963 his
1322 897 1478 962 locis
1560 916 1676 978 pro
1726 897 1833 962 hic
1880 897 1939 962 is
1999 913 2355 978 pronomen
2414 895 2483 959 in
2546 900 2854 961 textum*

440 1004 811 1090 receperit.)

654 1130 915 1211 saepius
960 1128 1060 1193 hic
1105 1148 1251 1195 cum
1297 1127 1460 1192 idem
1485 1128 1864 1209 pronomine
1912 1128 2327 1192 coniunctum
2375 1131 2495 1192 est.
2545 1129 2611 1192 2.
2651 1130 2853 1209 15,3.,

443 1242 701 1321 2.31,3.
751 1243 1007 1318 2.55‚3.
1062 1242 1312 1314 1.1o,5.

652 1362 1018 1428 Pronomen
1065 1361 1145 1441 ie,
1191 1380 1283 1441 ea,
1329 1359 1396 1424 id
1443 1379 1591 1424 raro
1662 1358 1990 1424 omittitur
2036 1359 2116 1422 ab
2165 1358 2427 1439 optimis
2469 1359 2852 1439 scriptori*

398 1460 399 1463 '
439 1471 563 1535 bus
610 1467 666 1534 si
710 1467 1072 1534 subiectum
1120 1474 1223 1532 est
1269 1486 1384 1533 eae
1432 1466 1956 1547 constructionis,
2008 1484 2173 1546 quae
2222 1485 2350 1531 acc.
2383 1484 2433 1531 c.
2465 1465 2584 1531 inf.
2621 1485 2835 1533 voca·

439 1581 570 1658 tur,
619 1574 884 1656 saepius
928 1575 1080 1640 inde
1127 1593 1166 1639 a
1189 1574 1398 1639 Livio.
1449 1573 1559 1657 (ci.
1590 1574 1902 1655 Draeger.
1932 1574 2083 1639 hist.
2118 1573 2301 1654 Synt.
2337 1571 2375 1658 ἓ
2406 1572 2591 1656 454.)
2647 1573 2830 1640 Vell.

445 1687 698 1767 2:5o,1.
748 1683 1005 1764 2.81,3.
1055 1687 1355 1765 2.112‚7.
1406 1687 1704 1762 2.125,2.

657 1821 1023 1888 Pronomem
1071 1823 1615 1887 demonstrativum
1661 1842 1777 1904 pro
1825 1823 2138 1889 reflexivo
2201 1823 2482 1906 legimus
2544 1825 2607 1887 2.
2643 1827 2837 1904 15,2.

441 1934 496 1996 2.
527 1935 695 2013 54,1.
744 1934 802 1996 2.
831 1937 999 2013 68,5.
1045 1930 1402 2012 reflexivum
1446 1948 1562 2011 pro
1611 1927 2082 1992 demonstrativo
2131 1932 2187 1994 2.
2216 1935 2386 2011 56,1.

651 2070 1020 2137 Pronomim'
1080 2071 1334 2135 relativo
1406 2071 1785 2152 respicienti
1866 2072 1950 2135 ad
2026 2071 2442 2136 enuntiatum
2511 2089 2652 2136 non
2729 2070 2822 2136 ad

437 2198 661 2247 vocem
694 2181 1017 2261 quandam
1053 2179 1278 2245 Cicero
1303 2178 1372 2240 id
1402 2179 1512 2244 vel
1544 2197 1617 2241 ea
1649 2196 2000 2258 pronomen
2025 2178 2265 2243 addere
2290 2178 2476 2260 solet,
2508 2177 2840 2244 Velleius·-

436 2287 521 2353 iis
589 2287 748 2352 locis
815 2306 1169 2368 numquam
1225 2303 1578 2365 pronomen
1651 2285 2225 2350 determinativum
2280 2284 2514 2365 posuit.
2588 2287 2651 2349 2.
2708 2289 2838 2368 6,ῖῦῚ

437 2396 709 2462 vetabat
767 2407 1168 2474 quemquam
1223 2392 1428 2459 civem
1476 2393 1624 2472 plus
1696 2391 2074 2472 quingentis
2143 2392 2479 2474 iugeribus
2535 2392 2816 2474 habere,

441 2501 611 2583 quod
657 2500 1009 2581 aliquando
1056 2500 1202 2582 lege
1247 2499 1504 2563 Licinia
1554 2503 1815 2562 cautum
1863 2502 2005 2563 erat
2054 2501 2109 2562 2.
2142 2503 2289 2580 56,1
2344 2498 2603 2580 Caesar,
2636 2495 2821 2579 quod

437 2609 788 2673 humanam
836 2607 1107 2672 excedat
1152 2606 1364 2687 fidem,
1415 2605 1713 2670 omnibus
1763 2605 1874 2685 qui
1922 2610 2148 2670 contra
2173 2624 2243 2670 se
2292 2625 2472 2670 arma
2509 2607 2839 2672 tulerant¹

437 2715 707 2796 ignovit.
757 2713 835 2778 cf.
885 2715 1181 2795 2.102,1.
1232 2716 1288 2776 2.
1320 2717 1530 2792 130,4.
1580 2712 1855 2792 saepius,

651 2838 1019 2904 Pronomen
1075 2837 1324 2919 quisque
1383 2836 1487 2901 his
1542 2836 1704 2900 locis
1764 2854 1893 2900 non
1953 2837 2286 2917 proprium
2336 2843 2518 2903 tenet
2564 2838 2816 2917 locum,

439 2946 509 3012 id
540 2945 711 3025 quod
755 2943 969 3009 rarius
1017 2944 1190 3023 apud
1235 2943 1488 3023 priores
1533 2943 1935 3008 invenimus:
1990 2948 2045 3009 2.
2074 2950 2224 3027 28,3
2274 2950 2348 3010 ut
2392 2945 2582 3010 fieret
2633 2946 2834 3026 quis-⁷>

441 3071 566 3134 que
626 3068 873 3116 merces
934 3051 1162 3115 mortis
1225 3068 1396 3115 suae.
1447 3054 1502 3115 2.
1531 3055 1683 3133 89‚4
1751 3051 1948 3115 rediit
1996 3052 2209 3117 cultus
2258 3053 2545 3133 agribus.
2597 3052 2834 3118 sacris-

438 3162 664 3240 honOS,
708 3158 1025 3223 securitas
1050 3156 1436 3238 hominibuS,
1465 3163 1643 3222 certa
1668 3157 1899 3237 cuique
1922 3177 2141 3223 rerum
2170 3178 2433 3224 suarum
2459 3160 2812 3240 possessio,

668 3299 929 3384 Uterque
1003 3320 1146 3366 cum
1224 3319 1366 3383 gen.
1445 3301 1852 3366 substantivi
1900 3303 2309 3367 coniunctum
2346 3309 2481 3368 est:
2563 3308 2621 3368 2.
2653 3307 2833 3379 50‚4-

443 3413 723 3489 uterque
788 3408 1168 3491 legatorum.
1233 3411 1291 3474 2.
1319 3412 1463 3491 54,1
1533 3413 1811 3489 uterque
1873 3428 2269 3475 summorum
2315 3411 2805 3491 imperatorum.

445 3519 725 3597 2.103,3
775 3520 1054 3596 uterque
1101 3516 1630 3581 adulescentium.

665 3637 981 3703 Alteruter
1040 3639 1210 3705 idem
1282 3645 1383 3705 est
1453 3644 1654 3720 atque
1722 3645 1997 3720 uterque
2044 3647 2101 3705 2.
2125 3643 2277 3725 43,2
2324 3643 2627 3707 alterutri
2676 3641 2828 3706 ior--

445 3751 647 3810 tunae
693 3764 765 3811 se
811 3766 1070 3827 parans.

671 3866 1062 3933 Uter-alter
1107 3869 1371 3951 scripsit
1415 3871 1711 3947 Velleius
1758 3890 1875 3953 pro
1926 3877 2312 3938 uter-uter
2382 3877 2438 3938 2.
2468 3881 2638 3959 90,3.
2685 3892 2824 3954 per

449 3976 962 4058 quinquennium
1062 3976 1406 4042 diiudicari
1474 3997 1606 4043 non
1705 3980 1965 4062 potuit,
2036 3984 2185 4044 uter
2252 3983 2531 4062 populus
2602 3979 2798 4047 alteri

447 4084 784 4165 pariturus
830 4082 1018 4148 foret.

665 4204 740 4270 Si
783 4205 1021 4290 aliquid
1064 4226 1183 4289 pro
1230 4208 1286 4273 si
1335 4209 1498 4300 quid·
1536 4209 1833 4275 invenies
1882 4217 1941 4275 2.
1964 4216 2135 4295 41,3.

665 4329 900 4397 Nullus
929 4352 1054 4397 non
1099 4350 1217 4412 pro
1266 4332 1541 4413 quisque
1585 4334 1696 4399 vel
1741 4335 2186 4415 unusquisque
2233 4342 2454 4402 exstat
2501 4338 2820 4418 2.114,2...

438 4439 955 4508 ,instrumentum
1001 4440 1243 4505 balinei
1289 4440 1538 4505 nullius
1583 4458 1714 4505 non
1760 4442 2081 4506 succurrit
2128 4443 2510 4509 valetudini.
