3096 5091
1523 481 1874 540 ..96-

721 673 1149 755 Interemptor.
1215 673 1470 752 2.129,1
1588 689 1717 750 qua
1790 670 1904 735 ille
1980 669 2336 750 prudentia
2398 669 2880 748 Rhascupolim

504 776 1035 860 interepmtorem
1110 778 1337 843 fratris
1393 777 1670 842 Romam
1733 778 2053 844 evocavit!
2100 777 2178 842 cf.
2227 776 2447 843 Senec.
2493 794 2590 856 ep.
2662 782 2699 840 7
2707 781 2771 840 Ο.
2794 778 2876 841 14

505 884 1035 965 interemptorem
1082 885 1186 949 sui
1231 884 1372 949 heri
1394 924 1397 925 ν
1421 884 1590 949 fieri.

720 988 1000 1073 Scalptor
1053 991 1163 1070 qui
1210 990 1448 1070 scalpit
1502 994 1719 1073 1‚17‚4
1785 992 1907 1056 hoc
1974 990 2147 1055 idem
2196 990 2497 1055 evenisse
2543 1007 2895 1071 gramma--

503 1096 682 1179 ticis,
731 1098 991 1179 plastis,
1041 1098 1420 1178 pictoribuS,
1472 1098 1931 1179 scalptoribus,
1996 1096 2318 1177 quisquis
2352 1100 2725 1175 temporum
2774 1097 2890 1160 in·-

503 1204 752 1269 stiterit
798 1205 991 1285 notiS‚
1039 1204 1341 1285 reperiet.
1388 1202 1659 1268 eandem
1687 1222 1908 1269 vocem
1956 1204 2247 1269 Velleius
2299 1207 2511 1284 1.11,4
2566 1202 2889 1283 pluribus·

500 1311 720 1375 verbis
752 1310 1052 1390 explicat.
1086 1311 1270 1375 cuius
1302 1315 1563 1375 turmae
1596 1310 1710 1394 (sc.
1759 1309 2156 1394 statuarum)
2188 1311 2359 1374 hanc
2384 1328 2644 1374 causam
2701 1309 2886 1374 refe·-

498 1421 672 1497 runt,
724 1417 1034 1497 Magnum
1081 1416 1530 1481 Alexandrum
1575 1416 1964 1497 impetrasse
2009 1435 2049 1481 a
2078 1417 2370 1498 Lysippo
2403 1416 2721 1498 sinyulari
2775 1422 2875 1479 ta·

503 1523 656 1585 lium
703 1529 946 1585 auctore
992 1541 1264 1606 operum,
1315 1527 1390 1588 ut
1435 1527 1556 1588 etc.
1652 1522 1848 1607 (Plin.
1897 1524 2207 1606 saepius)

711 1632 1113 1694 abstractum
1138 1630 1206 1695 in
1238 1649 1331 1710 or,
1355 1630 1527 1710 quod
1553 1630 1725 1710 aqud
1758 1630 2078 1695 Velleium
2097 1629 2711 1712 primuminvenieS,
2749 1635 2880 1695 est:

714 1734 979 1801 Marcor.
1027 1736 1096 1800 id
1157 1744 1258 1801 est
1304 1736 1609 1818 putred0,
1670 1739 1891 1822 tabeS‚
1953 1738 2247 1819 languor.
2314 1736 2721 1800 transfertur
2786 1736 2878 1800 ad

502 1843 786 1908 animum
838 1847 1116 1926 2.119‚2
1165 1844 1493 1908 exercitus
1540 1863 1830 1908 marcore
1878 1844 2061 1908 ducis
2108 1862 2314 1923 usque
2360 1843 2447 1907 ad
2474 1843 2872 1909 internecio-

497 1969 644 2015 nem
669 1950 1039 2015 trucidatus
1082 1955 1198 2015 est.
1243 1951 1321 2014 cf..
1349 1950 1570 2015 Senec.
1595 1951 1953 2031 Tranquill.
1982 1956 2039 2016 2.
2070 1956 2167 2014 10.
2204 1950 2368 2016 Stat.
2395 1951 2596 2014 Theb.
2623 1956 2689 2031 8,
2720 1954 2872 2015 265.

713 2057 1142 2123 Substantiva
1191 2057 1501 2122 exeuntia
1545 2057 1614 2120 in
1661 2056 1819 2120 ium:

712 2163 1119 2226 Adiutorz'um
1165 2162 1337 2228 idem
1385 2169 1585 2243 atque
1656 2164 1988 2228 auxilium.
2037 2162 2118 2227 cf.
2188 2163 2409 2228 Senec.
2482 2182 2594 2245 ep..
2662 2169 2771 2228 31.
2803 2168 2868 2228 5.

496 2289 535 2333 a
597 2269 1000 2351 Quintiliano
1058 2270 1338 2334 sumitur
1395 2288 1514 2350 pro
1571 2270 1861 2335 subsidio
1911 2271 1970 2335 3.
1998 2275 2165 2353 6,83.
2218 2275 2273 2335 3.
2302 2274 2427 2352 9,4.
2513 2272 2866 2353 12.10‚43.

496 2377 664 2441 Vell.
739 2381 1020 2459 2.112,4
1109 2376 1347 2456 quippe
1434 2395 1738 2457 magnam
1806 2378 2131 2441 Thracum
2205 2395 2467 2441 manum
2531 2377 2862 2442 Thraciae

495 2503 614 2551 rex
661 2485 731 2550 in
778 2484 1172 2550 adiutorium
1221 2484 1359 2549 eius
1406 2484 1565 2549 belli
1614 2503 1828 2549 secum
1877 2484 2204 2549 trahebat.

706 2607 1080 2693 &fluvium
1132 2609 1437 2674 effluendi
1470 2589 1675 2674 actus.
1725 2615 2000 2691 2.12Ο,1
2066 2609 2307 2674 Caldus·
2363 2608 2622 2673 Caelius
2690 2614 2867 2675 cate-

489 2737 719 2782 narum
747 2717 981 2781 seriem
1014 2716 1109 2780 ita
1141 2716 1352 2781 inlisit
1384 2716 1586 2796 capiti
1614 2735 1751 2798 silo,
1789 2721 1864 2780 ut
1888 2716 2189 2796 protinus
2222 2717 2473 2796 pariter
2507 2716 2864 2797 sanguinis

488 2824 867 2903 cerebriquo
937 2822 1201 2888 effluvio
1272 2824 1653 2903 exspiraret.
1703 2824 1852 2888 Tac.
1915 2824 2085 2888 Anu.
2173 2826 2270 2886 12.
2303 2826 2380 2885 71
2485 2823 2864 2888 convivium

486 2930 753 2996 effluvio
802 2931 981 2994 lacus
1030 2929 1413 3011 appositum.
1460 2930 1629 2995 Plin.
1681 2935 1737 2995 7.
1765 2936 1933 3012 52,1.

695 3051 1082 3116 Exercitium
1145 3053 1317 3118 idem
1379 3057 1479 3118 est
1541 3058 1740 3133 atque
1803 3054 2203 3118 exercitatio
2263 3060 2321 3118 2.
2352 3059 2540 3135 109,1
2611 3071 2848 3135 corpus

483 3179 672 3225 suum
730 3159 1234 3224 custodientium
1298 3159 1641 3239 imperium
1704 3160 2039 3241 perpetuis
2101 3160 2433 3226 exercitiis
2497 3179 2707 3241 paene
2771 3158 2857 3224 ad

482 3267 818 3332 Romanae
887 3265 1272 3346 disciplinae
1334 3265 1608 3330 formam
1670 3266 2005 3331 redactum
2069 3272 2186 3331 est.
2252 3268 2401 3332 Tac.
2448 3267 2624 3332 Ann.
2673 3274 2732 3332 2.
2762 3270 2842 3331 55

479 3374 788 3439 exercitio
837 3373 1128 3453 equitum
1175 3373 1511 3438 interesse.

693 3479 1092 3555 septennium
1139 3480 1313 3559 apud
1347 3479 1668 3544 Velleium
1701 3479 1976 3559 primum
2010 3484 2247 3561 exstat,
2299 3499 2692 3560 quamquam
2725 3480 2841 3543 du-

475 3587 655 3652 bium
701 3605 829 3650 non
877 3603 1020 3650 esse
1088 3590 1245 3666 puto
1261 3635 1276 3667 ‚
1344 3585 1500 3665 quin
1568 3585 1697 3649 iam
1755 3591 1955 3649 antea
2015 3587 2083 3649 in
2143 3605 2267 3651 usu
2330 3586 2549 3667 fuerit.
2616 3592 2672 3651 2.
2703 3589 2849 3668 31,3

473 3692 614 3759 Sed
662 3697 884 3757 tamen
930 3693 1104 3756 idem
1151 3693 1273 3756 hoc
1321 3697 1475 3756 ante
1523 3692 1935 3772 septennium
1988 3693 2320 3757 decretum
2354 3699 2516 3758 erat.

697 3799 955 3863 Novum
1003 3797 1488 3863 substantivum
1535 3798 1606 3862 in
1652 3806 1747 3862 ias
1801 3798 2126 3879 syllabam
2176 3804 2308 3863 est:

696 3902 1001 3968 Civilitaa
1078 3910 1181 3969 est
1245 3923 1322 3968 ea
1379 3904 1629 3987 virtus,
1695 3923 1861 3984 quae
1923 3906 1990 3970 in
2053 3906 2363 3970 comitate
2439 3907 2713 3986 quadam
2782 3906 2845 3969 et

481 4010 801 4076 modestia
849 4011 1209 4077 constituta
1255 4013 1354 4075 est
1397 4017 1467 4075 et
1510 4012 1595 4074 ad
1629 4011 1836 4077 vitam
1869 4012 2195 4091 publicam
2226 4012 2530 4091 pertinet.
2558 4019 2615 4078 2.
2654 4013 2845 4092 111,4

483 4123 725 4200 quanto
777 4137 922 4183 cum
969 4120 1480 4198 temperamento
1529 4118 1723 4182 simul
1770 4117 2061 4184 civitatis
2106 4137 2214 4184 res
2279 4120 2674 4184 auctoritate
2730 4118 2864 4182 im·

468 4223 811 4304 peratoria
859 4224 968 4306 agi
1014 4224 1333 4289 vidimus!
1383 4222 1637 4309 (Quint.
1685 4230 1986 4308 2.15,33.
2036 4225 2212 4292 Suet.
2259 4225 2428 4305 Aug.
2489 4222 2621 4310 51.)

697 4330 766 4394 in
816 4349 922 4391 um
969 4331 1306 4411 syllabam.

685 4434 1139 4501 Meridianum.
1188 4439 1270 4502 ab
1319 4436 1648 4503 adiectivo
1694 4437 2116 4504 meridianus
2162 4443 2265 4503 est
2311 4438 2510 4521 plaga
2557 4439 2729 4505 orbis
2759 4432 2872 4500 ad,
