3096 5091
1409 497 1763 558 „40-

614 696 819 763 invehi
871 697 1098 761 urbem
1159 696 1215 758 2.
1244 694 1414 774 30,2.
1463 708 1610 754 011111
1635 705 1931 770 praepos.
1976 685 2049 747 in
2094 681 2508 765 coniunctum
2533 677 2762 739 exstat

393 809 658 889 2.42,2.
710 810 766 869 2.
797 809 967 887 35,2.

603 934 933 1014 penetrare
967 934 1024 992 2.
1054 932 1178 1009 5,1.
1206 933 1264 992 2.
1290 931 1463 1006 40,1.
1492 927 1550 986 2.
1576 927 1747 1005 47,1.
1796 923 1853 984 2.
1886 921 2097 998 105,1.
2135 914 2559 983 intransitive
2589 907 2765 991 posi-

401 1044 545 1106 tum
591 1042 695 1103 est
743 1038 1041 1117 2.12Ο,2.
1091 1053 1234 1099 011111
1282 1050 1580 1114 praepos.
1627 1031 1694 1096 in
1746 1029 2171 1093 coniunctum
2223 1029 2478 1103 2.1.5,1.

605 1159 988 1246 praecedere.
1028 1163 1308 1239 2.129,3
1359 1158 1626 1222 nuntios
1698 1154 1970 1236 periculi
2044 1152 2362 1218 victoriae
2427 1145 2771 1229 praecedit

396 1269 692 1334 nuntius.
721 1267 930 1352 (Poet.
957 1263 1148 1350 rece.)
1183 1265 1309 1331 Cic.
1336 1270 1403 1330 et
1427 1265 1677 1330 Caestr
1700 1264 1956 1328 anslate
1981 1258 2427 1325 tantummodo
2451 1258 2573 1321 hoc
2618 1271 2773 1319 ver-

404 1376 562 1440 bum
593 1379 846 1455 ponunt
876 1391 993 1454 pro
1018 1373 1290 1456 anteire,
1318 1377 1689 1453 praestare;
1716 1371 1813 1435 ita
1842 1369 2131 1437 Velleius
2181 1384 2433 1448 quoque
2481 1372 2540 1430 2.
2573 1365 2769 1441 114,1

401 1481 686 1564 gradum
731 1488 1026 1546 nostrum
1074 1487 1191 1545 aut
1236 1479 1703 1560 praecedentes
1750 1493 1869 1543 aut
1915 1483 2280 1558 sequentes,

626 1593 978 1670 respectare.
1031 1590 1093 1651 2.
1122 1590 1314 1667 107,2
1365 1585 1729 1650 Caesarem.
1775 1583 2016 1669 (Poet.)
2407 1659 2411 1663 .

627 1696 830 1759 verba
895 1692 1196 1756 demurere
1251 1699 1320 1759 et
1377 1694 1558 1756 silere
1610 1693 2110 1758 transitivorum
2172 1709 2351 1756 more
2414 1708 2454 1754 a
2485 1687 2781 1755 -Velleio

408 1808 733 1882 ‘usurpata
800 1820 942 1866 esse
1002 1819 1082 1866 ex
1129 1820 1202 1866 eo
1252 1802 1721 1884 cognoscimus
1771 1801 1941 1882 quod
1987 1798 2234 1864 formae
2280 1799 2585 1879 passivae
2630 1815 2786 1878 per-

411 1909 730 1974 sonaliter
763 1908 1086 1973 dicuntur.
1153 1911 1426 1992 2.102,1
1472 1910 1578 1973 vir
1625 1908 2030 1973 demerendis
2077 1907 2447 1972 hominibus
2495 1906 2784 1988 genitus

419 2021 478 2081 2.
509 2018 652 2098 18,1
704 2015 1122 2081 Mithridates
1169 2017 1274 2081 vir
1295 2035 1507 2096 neque
1531 2015 1822 2080 silendus
1848 2034 2057 2096 neque
2088 2014 2400 2079 dicendus
2433 2013 2575 2079 sine
2600 2031 2786 2109 cura.

638 2121 716 2186 de
769 2123 1134 2188 accusativi
1203 2142 1328 2188 usu
1384 2129 1726 2203 praeterea
1785 2124 1949 2187 haec
1996 2126 2151 2187 sunt
2198 2131 2786 2205 commemoranda,

421 2230 492 2296 in
533 2229 767 2310 quibus
829 2230 1124 2295 Velleius
1171 2231 1253 2294 ab
1303 2229 1548 2309 optima
1595 2230 1901 2310 loquendi
1949 2229 2417 2295 consuetudine
2468 2230 2790 2308 dicrepat.

424 2340 483 2400 2.
510 2339 660 2418 80,2
710 2342 915 2401 totam
960 2337 1297 2402 victorIam
1346 2344 1420 2401 ut
1466 2355 1652 2402 suam
1698 2338 2277 2418 interpretabatur.
2328 2343 2384 2402 2.
2411 2341 2563 2417 83,2
2611 2337 2794 2402 idem

425 2448 654 2525 postea
714 2444 1126 2510 clementiam
1196 2444 1466 2509 victoris
1536 2462 1653 2524 pro
1717 2462 1837 2509 sua
1906 2445 2154 2510 virtute
2204 2445 2793 2525 interpretabatur.
2901 2436 2908 2443 ’

429 2554 664 2635 2.10,1
707 2551 821 2616 vix
866 2556 942 2615 ut
988 2557 1254 2616 senator
1298 2533 1691 2634 agnoscitur.
1744 2555 1801 2616 2.
1824 2556 1932 2635 4,7
1985 2552 2193 2616 creari
2241 2551 2309 2616 in
2357 2553 2793 2618 consulatum.

642 2658 882 2724 Restat
907 2662 982 2722 ut
1025 2658 1388 2740 videamuS,
1439 2659 1674 2738 quibus
1720 2659 1791 2722 in
1836 2660 2033 2723 rebus
2081 2656 2353 2723 ablativi
2405 2677 2565 2725 usus
2610 2659 2798 2740 apud

430 2765 756 2832 Velleium
803 2783 842 2828 a
887 2764 1177 2844 priorum
1225 2765 1531 2845 loquendi
1576 2766 1832 2831 ratione
1880 2766 2246 2831 abhorreat.

648 2870 1001 2936 Ablativus
1050 2872 1345 2951 sequitur
1390 2873 1551 2936 haec
1596 2874 1803 2937 verba
1850 2873 2187 2953 simplicia.

653 2996 901 3041 movere.
952 2980 1184 3059 1.10,6
1234 2979 1405 3058 alqm
1452 2986 1703 3044 senatu.
1750 2978 1907 3065 (Cic.
1957 2981 2036 3045 de
2082 2980 2362 3067 senatu.)

635 3083 932 3167 pellere2.
947 3089 1068 3167 5‚2.
1096 3090 1153 3149 2.
1168 3089 1320 3167 34,4
1345 3091 1402 3150 2.
1431 3091 1465 3148 7
1474 3091 1599 3163 9,6.
1626 3106 1771 3152 oum
1796 3088 2278 3168 praepositione
2296 3076 2805 3156 exeoniunctum

434 3198 542 3259 est.
570 3198 624 3257 1.
654 3195 777 3273 3,1.
826 3197 882 3255 2.
911 3196 1078 3274 20‚3.

653 3296 968 3361 vindicare
994 3302 1051 3364 2.
1078 3306 1227 3383 28,2
1253 3302 1555 3368 maximis
1579 3303 1905 3384 periculis.
1954 3303 2179 3368 eodem
2226 3303 2414 3369 modo
2462 3322 2589 3385 quo
2622 3301 2806 3384 apud.

439 3406 574 3473 Cio.
621 3405 877 3486 dicitur,
928 3423 1072 3470 011111
1117 3408 1604 3489 praepositione
1651 3411 1751 3493 ab,
1802 3410 2100 3476 invenies
2148 3416 2205 3476 2.
2231 3415 2359 3494 4,3.
2408 3414 2714 3495 2.126,4.

660 3512 880 3579 Verba
935 3515 1294 3594 composita
1340 3534 1485 3579 cum
1531 3515 1819 3581 ablativo
1869 3516 2359 3599 coniunguntur
2404 3518 2597 3584 haec:

661 3616 831 3681 abire
878 3624 935 3684 2.
965 3624 1113 3703 35,5
1161 3620 1308 3685 vita
1355 3622 1537 3686 abiit.
1586 3620 1741 3706 (Cic.
1790 3640 1826 3687 e
1869 3624 2050 3702 vita..)

662 3724 984 3789 decurrere
1032 3732 1088 3791 2.
1117 3728 1221 3808 3,2
1271 3728 1457 3794 clivo.
1505 3726 1715 3813 (Caes.
1740 3729 1884 3795 Liv.
1932 3733 2053 3811 ex.)

666 3832 998 3897 decurrere
1046 3836 1103 3897 2.
1131 3838 1240 3916 3,4
1283 3839 1478 3900 recto,
1528 3834 1721 3920 (Plin.
1769 3838 2011 3921 Quint.)

669 3939 934 4025 defluere
984 3942 1040 4004 1.
1078 3942 1226 4023 16,4
1272 3959 1384 4007 ore
1431 3941 1780 4009 Socratico.
1829 3942 1987 4029 (Cic.
2035 3946 2157 4026 ab.)

671 4045 931 4130 dejicere
976 4050 1032 4111 2.
1062 4050 1212 4130 24,2
1262 4066 1438 4113 saxo.
1488 4047 1648 4133 (Cic.
1697 4051 1819 4131 de.)

674 4152 977 4217 deterrere
1021 4156 1079 4218 2.
1108 4155 1211 4234 5,3
1260 4156 1610 4236 proposito.
1661 4156 1817 4242 (Cic.
1865 4158 1955 4243 a.)

676 4257 924 4345 diyredi
973 4263 1026 4325 1.
1053 4262 1158 4345 2,2
1208 4260 1461 4327 finibus.
1509 4263 1662 4344 (Cic.
1711 4282 1793 4330 ex
1838 4266 2017 4347 loco.)

675 4367 874 4432 eaecire
920 4368 977 4432 2.
1007 4369 1197 4451 108,1
1226 4367 1506 4434 sedibus.
1543 4367 1744 4454 (Liv.)
