3096 5091
1267 508 1626 568 -33-

231 698 439 764 Orat.
505 703 653 781 2,16
716 702 917 766 series
982 701 1513 781 disputationum.
1581 703 1798 769 Divin.
1860 709 2006 785 l,55
2079 704 2236 768 ordo
2286 705 2620 785 seriesque

232 823 621 870 causarum.

477 928 691 993 Status
717 932 885 996 idem
912 941 1013 998 est
1038 952 1114 998 ac
1144 940 1361 1000 status
1385 955 1603 1001 rerum
1632 939 1687 1000 2.
1719 935 1908 1018 131,1
1962 935 2303 1018 custodite,
2331 943 2613 1019 servate,

236 1039 584 1120 protegite
640 1039 813 1104 hunc
876 1047 1139 1106 statum.
1199 1044 1425 1123 optimi
1492 1044 1843 1124 scriptores
1906 1063 2034 1108 non
2092 1044 2450 1109 omiserunt
2508 1062 2619 1125 ge-

245 1151 380 1209 net.
431 1165 661 1211 rerum,

486 1269 835 1354 Tempestas
866 1274 1080 1340 rarius
1113 1293 1151 1338 a
1178 1275 1505 1354 prioribus
1538 1294 1653 1355 pro
1679 1282 1969 1356 tempore
2014 1275 2298 1357 ponitur,
2350 1274 2611 1355 saepius

242 1395 290 1440 a
337 1377 618 1442 Velleio,
689 1384 741 1443 1.
770 1384 889 1460 2,5.
964 1389 1014 1445 1.
1041 1387 1166 1465 8,6.
1217 1385 1274 1442 2.
1307 1384 1474 1463 78,3.
1523 1388 1644 1447 etc.
1692 1384 1956 1463 propria
1981 1382 2461 1464 significatione
2502 1399 2609 1445 ex-

241 1490 408 1549 stat.
473 1490 520 1550 1.
561 1491 673 1567 1‚1.
723 1490 974 1569 2.75,1.
1026 1491 1327 1566 2.100,2.

481 1609 742 1674 Tractus
773 1631 970 1693 saepe
1005 1615 1285 1679 sumitur
1333 1634 1372 1678 a
1418 1615 1664 1680 Velleio
1715 1615 1795 1679 de
1842 1633 2036 1679 cursu
2085 1619 2151 1678 et
2197 1612 2406 1693 spatio
2455 1618 2612 1674 tem-

251 1718 460 1798 poris.
522 1724 775 1784 tractus
838 1722 1149 1800 temporis
1212 1722 1318 1786 vel
1374 1728 1736 1802 temporum
1799 1722 2093 1786 invenies
2146 1726 2199 1785 1.
2230 1724 2353 1802 6,4.
2406 1725 2461 1783 1.
2490 1721 2612 1800 7,2.

249 1827 516 1905 2.15,3.
566 1828 622 1889 2.
651 1831 775 1908 9,1.
828 1830 884 1891 2.
916 1832 1080 1910 78,1.
1129 1829 1351 1894 eodem
1399 1847 1595 1893 sensu
1638 1847 1762 1908 quo
1812 1828 2034 1893 Cicero
2081 1846 2240 1893 voce
2287 1845 2444 1891 usus
2485 1831 2607 1908 est,

244 1933 478 2012 posuit
522 1936 576 1997 1.
605 1937 710 2014 2,3
769 1935 1037 1999 ultimus
1067 1935 1431 2015 Hispaniae
1477 1942 1750 2000 tractus.
1778 1939 2057 2016 2.104,3
2128 1938 2381 1999 tractus
2407 1933 2613 1998 omnis

245 2037 518 2104 Galliae
563 2042 1064 2120 provinciarum.
1113 2046 1412 2120 21102
1461 2048 1517 2106 2.
1548 2047 1719 2123 94,4.
1769 2045 2068 2123 2.126,3.

489 2146 739 2211 Umbra.
804 2150 1158 2230 singularis
1191 2155 1288 2214 est
1323 2167 1482 2213 usus
1512 2150 1707 2214 huius
1734 2150 1914 2215 vocis
1939 2149 2112 2229 apud
2159 2149 2327 2212 Vell.
2376 2154 2432 2213 2.
2462 2153 2607 2229 68,1

247 2269 471 2332 neque
528 2257 697 2319 enim
757 2274 1039 2334 persona
1099 2259 1392 2321 umbram
1442 2263 1629 2320 actae
1676 2256 1771 2320 rei
1820 2257 2008 2336 capit.
2056 2253 2255 2340 (denn
2305 2255 2409 2319 die
2454 2256 2612 2319 Per-

250 2361 650 2426 sonlichkeit
669 2363 1138 2444 erlaubtnicht,
1167 2364 1318 2427 dass
1347 2363 1450 2427 die
1472 2362 1920 2443 Begebenheit
1942 2362 2062 2426 mit
2088 2362 2611 2443 Stillschweigen

244 2466 679 2549 iibergangen
730 2468 938 2554 wird.)
1022 2542 1044 2563 .

489 2573 860 2639 Vexz‘llarias
921 2578 1179 2659 proprie
1239 2583 1342 2643 est
1387 2577 1680 2660 signifer.
1728 2577 1806 2642 cf.
1853 2578 1995 2643 Liv.
2045 2582 2152 2659 8,8
2224 2577 2377 2642 01ᾱο
2427 2596 2611 2642 sexa-

253 2698 463 2760 genos
510 2683 753 2749 milites
775 2693 842 2749 et
874 2685 1050 2765 duOS,
1102 2686 1544 2750 centurionem
1594 2689 1662 2750 et
1706 2684 2118 2750 vexillarium
2165 2704 2365 2749 unum
2392 2686 2607 2749 habet.

234 2786 724 2869 imperatorum
786 2793 1183 2872 temporibus
1232 2794 1562 2859 vexillarii
1611 2793 1767 2857 dicti
1816 2797 1971 2857 sunt
2016 2792 2279 2873 milites,
2330 2791 2440 2871 qui
2490 2809 2608 2870 per

255 2896 500 2977 viginti
558 2916 762 2962 annos
819 2900 1144 2979 stipendia
1196 2900 1509 2982 fecerant,
1575 2901 1691 2965 sed
1759 2900 2043 2965 nondum
2107 2899 2357 2964 dimissi
2402 2904 2607 2963 erant.

259 3019 320 3065 κ.
378 3009 571 3087 110,6
642 3022 920 3086 magnus
1008 3005 1495 3071 vexillariorum
1567 3025 1876 3071 numerus
1947 3007 2029 3070 ad
2106 3005 2614 3071 internecionem

252 3128 504 3176 caesus

494 3216 782 3282 Vindicta
811 3224 912 3284 est
943 3220 1104 3284 ultio
1130 3221 1235 3285 vel
1267 3220 1742 3285 animadversio
1767 3221 2046 3300 peccati3
2080 3219 2254 3300 apud
2284 3216 2605 3284 Velleium

262 3334 483 3390 autem
517 3331 618 3389 est
648 3325 956 3407 defensio,
991 3327 1412 3392 conservatio,
1462 3327 1518 3390 ⁴2.
1548 3332 1701 3409 64,4
1770 3326 2032 3406 utrique
2077 3326 2370 3391 vindicta
2414 3324 2605 3389 liber-

257 3433 418 3497 tatis
476 3439 683 3497 morte
743 3433 945 3497 stetit.
994 3433 1252 3514 proprio
1310 3451 1516 3499 sensu·
1553 3433 1899 3499 invenitur.
1950 3436 2007 3497 2.
2035 3439 2185 3514 92,3
2254 3432 2613 3497 vindictam

264 3539 502 3604 minari
563 3545 619 3604 2.
657 3544 845 3622 114,3
903 3541 1047 3606 visa
1097 3541 1260 3605 ultio
1307 3541 1566 3620 privato
1616 3539 1760 3604 odio
1806 3540 2016 3621 magis
2066 3558 2260 3619 quam
2305 3539 2606 3619 publicae

259 3645 592 3712 vindictae
638 3646 808 3712 data.

471 3843 837 3927 Adiectiva,
881 3844 1116 3923 quibus
1141 3843 1338 3909 aliam
1371 3843 1503 3909 vim
1551 3842 1730 3908 dedit
1774 3842 2084 3925 Velleius,
2130 3843 2387 3923 repperi
2425 3843 2611 3908 haec:

471 3949 852 4033 Auspicatus
908 3952 1171 4032 proprie
1235 3950 1405 4015 idem
1466 3955 1569 4015 est
1624 3956 1819 4029 atque
1878 3954 2244 4031 auguratus
2305 3954 2422 4014 aut
2469 3968 2614 4022 con-

234 4063 595 4137 „secratus3
646 4077 684 4121 a
731 4058 980 4124 Velleio
1028 4057 1310 4123 sumitur
1355 4075 1471 4137 pro
1519 4041 1759 4139 faustO,
1807 4054 1999 4120 felici.
2034 4058 2091 4121 2.
2122 4061 2155 4119 7
2165 4060 2269 4138 9,2
2318 4057 2613 4138 auspica-

261 4161 349 4226 tis
394 4163 715 4229 ominibus
762 4183 1031 4230 uxorem
1078 4164 1326 4229 ducere.

473 4268 783 4335 Classicus
858 4272 1142 4337 retertur
1204 4272 1288 4336 ad
1358 4271 1635 4336 classem
1701 4274 1768 4335 et
1833 4269 2004 4334 idem
2066 4274 2170 4335 est
2212 4287 2291 4333 ac
2337 4269 2607 4334 navalis.

264 4377 300 4435 2
331 4381 479 4459 81,3
544 4396 795 4444 corona.
852 4380 1141 4444 classica.
1205 4384 1261 4442 2.
1290 4380 1439 4461 85,l
1508 4377 1850 4442 classicum
1914 4382 2255 4443 certamen.
2327 4380 2385 4440 2.
2416 4379 2605 4458 121,1

265 4481 434 4549 vires
510 4485 835 4551 classicae.
893 4486 1056 4553 Gell.
1117 4492 1150 4549 7
1158 4536 1171 4549 .
1201 4491 1281 4551 13
1354 4485 1514 4549 dicit
1572 4484 1877 4549 classicos
1938 4484 2301 4564 appellatos
2365 4500 2509 4548 esse
2572 4502 2612 4548 a
